GBP/USD,20150101 21:43:43.344,1.55677,1.55966
GBP/USD,20150101 21:44:15.708,1.55647,1.55987
GBP/USD,20150101 21:45:11.580,1.55692,1.55886
GBP/USD,20150101 21:46:07.579,1.55732,1.55871
GBP/USD,20150101 21:46:41.545,1.55773,1.55858
GBP/USD,20150101 21:46:41.804,1.55772,1.55959
GBP/USD,20150101 21:46:42.039,1.55776,1.55956
GBP/USD,20150101 21:49:52.580,1.55776,1.55958
GBP/USD,20150101 21:54:53.181,1.55776,1.55959
GBP/USD,20150101 21:58:09.199,1.55791,1.55947
GBP/USD,20150101 21:58:17.323,1.55796,1.55943
GBP/USD,20150101 22:03:02.787,1.55764,1.5592
GBP/USD,20150101 22:05:00.789,1.55796,1.55969
GBP/USD,20150101 22:05:01.227,1.55828,1.55915
GBP/USD,20150101 22:05:01.292,1.55852,1.55915
GBP/USD,20150101 22:05:01.293,1.55828,1.55912
GBP/USD,20150101 22:05:01.490,1.55822,1.55909
GBP/USD,20150101 22:05:01.981,1.55822,1.559
GBP/USD,20150101 22:05:02.536,1.5582,1.559
GBP/USD,20150101 22:05:02.537,1.55818,1.559
GBP/USD,20150101 22:05:02.543,1.55782,1.55891
GBP/USD,20150101 22:05:02.556,1.5578,1.55888
GBP/USD,20150101 22:05:02.981,1.55779,1.55888
GBP/USD,20150101 22:05:03.601,1.55776,1.55886
GBP/USD,20150101 22:05:04.601,1.55781,1.55887
GBP/USD,20150101 22:05:05.877,1.55776,1.55893
GBP/USD,20150101 22:05:07.536,1.55779,1.55891
GBP/USD,20150101 22:05:08.617,1.5578,1.55891
GBP/USD,20150101 22:05:09.888,1.55776,1.55894
GBP/USD,20150101 22:05:10.932,1.5578,1.55891
GBP/USD,20150101 22:05:12.537,1.55774,1.55885
GBP/USD,20150101 22:05:13.542,1.5578,1.5588
GBP/USD,20150101 22:05:14.586,1.55775,1.55886
GBP/USD,20150101 22:05:15.787,1.55775,1.5588
GBP/USD,20150101 22:05:16.797,1.55776,1.55883
GBP/USD,20150101 22:05:18.047,1.55777,1.5588
GBP/USD,20150101 22:05:19.049,1.55776,1.55881
GBP/USD,20150101 22:05:20.922,1.5578,1.55877
GBP/USD,20150101 22:05:21.941,1.55775,1.55883
GBP/USD,20150101 22:05:23.812,1.55771,1.55886
GBP/USD,20150101 22:05:24.842,1.55776,1.55878
GBP/USD,20150101 22:05:25.862,1.5577,1.55885
GBP/USD,20150101 22:05:26.947,1.55767,1.5589
GBP/USD,20150101 22:05:28.587,1.55773,1.55882
GBP/USD,20150101 22:05:28.592,1.55755,1.55903
GBP/USD,20150101 22:05:28.612,1.55767,1.5589
GBP/USD,20150101 22:05:29.917,1.5577,1.5589
GBP/USD,20150101 22:05:30.288,1.55777,1.55878
GBP/USD,20150101 22:05:31.792,1.55778,1.55876
GBP/USD,20150101 22:05:33.036,1.55778,1.55874
GBP/USD,20150101 22:05:34.186,1.55778,1.55877
GBP/USD,20150101 22:05:37.773,1.5578,1.55873
GBP/USD,20150101 22:05:41.211,1.55769,1.55887
GBP/USD,20150101 22:05:54.972,1.55777,1.55878
GBP/USD,20150101 22:05:58.038,1.55783,1.55873
GBP/USD,20150101 22:05:58.069,1.55779,1.5588
GBP/USD,20150101 22:06:00.151,1.55777,1.55882
GBP/USD,20150101 22:06:01.191,1.55778,1.55878
GBP/USD,20150101 22:06:01.845,1.55787,1.55876
GBP/USD,20150101 22:06:03.887,1.55788,1.5588
GBP/USD,20150101 22:06:05.793,1.5579,1.5588
GBP/USD,20150101 22:06:06.932,1.55793,1.5588
GBP/USD,20150101 22:06:07.022,1.55795,1.55887
GBP/USD,20150101 22:06:10.792,1.55797,1.55884
GBP/USD,20150101 22:06:14.806,1.55798,1.55885
GBP/USD,20150101 22:06:15.846,1.55798,1.55888
GBP/USD,20150101 22:06:17.534,1.55778,1.55889
GBP/USD,20150101 22:06:17.554,1.55788,1.55881
GBP/USD,20150101 22:06:19.572,1.55791,1.55879
GBP/USD,20150101 22:06:20.577,1.55792,1.55879
GBP/USD,20150101 22:06:21.662,1.55793,1.55885
GBP/USD,20150101 22:06:22.667,1.55794,1.55885
GBP/USD,20150101 22:06:25.847,1.55797,1.55888
GBP/USD,20150101 22:06:25.852,1.55775,1.55908
GBP/USD,20150101 22:06:25.873,1.55785,1.55896
GBP/USD,20150101 22:06:25.889,1.55785,1.55886
GBP/USD,20150101 22:06:27.505,1.55789,1.55882
GBP/USD,20150101 22:06:28.597,1.55791,1.55883
GBP/USD,20150101 22:06:29.917,1.55794,1.55881
GBP/USD,20150101 22:06:31.007,1.55796,1.55887
GBP/USD,20150101 22:06:32.543,1.55792,1.55889
GBP/USD,20150101 22:06:37.542,1.55795,1.55882
GBP/USD,20150101 22:06:38.627,1.55797,1.55888
GBP/USD,20150101 22:06:39.988,1.55794,1.5589
GBP/USD,20150101 22:06:41.641,1.55796,1.55883
GBP/USD,20150101 22:06:43.001,1.55794,1.55885
GBP/USD,20150101 22:06:44.656,1.55797,1.55884
GBP/USD,20150101 22:06:48.252,1.55798,1.55885
GBP/USD,20150101 22:06:49.777,1.55798,1.55888
GBP/USD,20150101 22:06:56.342,1.55784,1.5588
GBP/USD,20150101 22:06:56.343,1.55783,1.55899
GBP/USD,20150101 22:06:56.410,1.55788,1.55885
GBP/USD,20150101 22:06:58.441,1.55788,1.55881
GBP/USD,20150101 22:06:59.536,1.55791,1.55883
GBP/USD,20150101 22:07:00.617,1.55787,1.55885
GBP/USD,20150101 22:07:10.892,1.5579,1.55887
GBP/USD,20150101 22:07:12.692,1.55762,1.55909
GBP/USD,20150101 22:07:12.712,1.55775,1.55897
GBP/USD,20150101 22:07:12.796,1.55785,1.55881
GBP/USD,20150101 22:07:14.778,1.55789,1.55882
GBP/USD,20150101 22:07:15.871,1.55792,1.55884
GBP/USD,20150101 22:07:17.784,1.55792,1.55876
GBP/USD,20150101 22:07:19.415,1.55796,1.55877
GBP/USD,20150101 22:07:20.637,1.558,1.5588
GBP/USD,20150101 22:07:21.681,1.55803,1.55882
GBP/USD,20150101 22:07:23.288,1.55803,1.55879
GBP/USD,20150101 22:07:24.288,1.55806,1.55878
GBP/USD,20150101 22:07:25.466,1.55805,1.55883
GBP/USD,20150101 22:07:26.446,1.5581,1.55877
GBP/USD,20150101 22:07:26.471,1.55806,1.55883
GBP/USD,20150101 22:07:27.476,1.55805,1.55882
GBP/USD,20150101 22:07:28.897,1.55807,1.55884
GBP/USD,20150101 22:07:31.907,1.55811,1.55881
GBP/USD,20150101 22:07:32.922,1.5581,1.55885
GBP/USD,20150101 22:07:34.927,1.55816,1.55879
GBP/USD,20150101 22:07:34.943,1.5581,1.55884
GBP/USD,20150101 22:07:35.996,1.55811,1.55885
GBP/USD,20150101 22:07:37.956,1.55813,1.55882
GBP/USD,20150101 22:07:39.012,1.55811,1.55885
GBP/USD,20150101 22:07:40.016,1.5581,1.55885
GBP/USD,20150101 22:07:42.971,1.55799,1.55896
GBP/USD,20150101 22:07:43.009,1.55804,1.55887
GBP/USD,20150101 22:07:44.012,1.55804,1.55881
GBP/USD,20150101 22:07:45.057,1.55807,1.55883
GBP/USD,20150101 22:07:48.066,1.55808,1.55884
GBP/USD,20150101 22:07:50.696,1.55813,1.55877
GBP/USD,20150101 22:07:50.717,1.55808,1.55883
GBP/USD,20150101 22:07:51.771,1.55809,1.55884
GBP/USD,20150101 22:08:00.507,1.55817,1.55876
GBP/USD,20150101 22:08:00.512,1.55801,1.55891
GBP/USD,20150101 22:08:00.532,1.55808,1.55883
GBP/USD,20150101 22:08:01.343,1.55807,1.55882
GBP/USD,20150101 22:08:02.552,1.55808,1.55883
GBP/USD,20150101 22:08:16.537,1.55816,1.55875
GBP/USD,20150101 22:08:16.542,1.558,1.55889
GBP/USD,20150101 22:08:16.563,1.55808,1.55882
GBP/USD,20150101 22:08:18.551,1.55809,1.55878
GBP/USD,20150101 22:08:19.707,1.55806,1.55881
GBP/USD,20150101 22:08:20.912,1.55803,1.55885
GBP/USD,20150101 22:08:20.927,1.55794,1.5589
GBP/USD,20150101 22:08:21.002,1.55798,1.5588
GBP/USD,20150101 22:08:22.110,1.55803,1.55875
GBP/USD,20150101 22:08:23.152,1.55804,1.5588
GBP/USD,20150101 22:08:24.637,1.55801,1.55884
GBP/USD,20150101 22:08:26.048,1.55802,1.55879
GBP/USD,20150101 22:08:31.286,1.55805,1.55882
GBP/USD,20150101 22:08:32.292,1.55805,1.55881
GBP/USD,20150101 22:08:34.302,1.55806,1.55882
GBP/USD,20150101 22:08:36.536,1.55815,1.55874
GBP/USD,20150101 22:08:36.542,1.55799,1.55889
GBP/USD,20150101 22:08:36.562,1.55806,1.55881
GBP/USD,20150101 22:08:37.628,1.55803,1.55884
GBP/USD,20150101 22:08:38.647,1.55802,1.55883
GBP/USD,20150101 22:08:44.831,1.55803,1.55885
GBP/USD,20150101 22:08:51.337,1.55788,1.55904
GBP/USD,20150101 22:08:51.371,1.55791,1.55894
GBP/USD,20150101 22:08:51.421,1.55794,1.55885
GBP/USD,20150101 22:08:51.462,1.55795,1.55874
GBP/USD,20150101 22:08:53.127,1.55797,1.55876
GBP/USD,20150101 22:08:53.603,1.55798,1.55883
GBP/USD,20150101 22:08:54.661,1.55802,1.55881
GBP/USD,20150101 22:08:55.886,1.55807,1.55878
GBP/USD,20150101 22:08:57.136,1.55806,1.55882
GBP/USD,20150101 22:08:58.912,1.55812,1.55876
GBP/USD,20150101 22:08:58.930,1.55806,1.55881
GBP/USD,20150101 22:08:59.982,1.55806,1.55882
GBP/USD,20150101 22:09:04.317,1.55813,1.55873
GBP/USD,20150101 22:09:04.322,1.55797,1.55888
GBP/USD,20150101 22:09:04.343,1.55807,1.55882
GBP/USD,20150101 22:09:05.367,1.55807,1.55878
GBP/USD,20150101 22:09:06.506,1.55806,1.55882
GBP/USD,20150101 22:09:07.847,1.55808,1.55878
GBP/USD,20150101 22:09:09.337,1.55805,1.55881
GBP/USD,20150101 22:09:10.636,1.55803,1.55886
GBP/USD,20150101 22:09:11.864,1.55804,1.55881
GBP/USD,20150101 22:09:13.051,1.55805,1.55882
GBP/USD,20150101 22:09:14.356,1.55802,1.55885
GBP/USD,20150101 22:09:15.371,1.55802,1.55879
GBP/USD,20150101 22:09:18.145,1.5581,1.55875
GBP/USD,20150101 22:09:18.163,1.55804,1.5588
GBP/USD,20150101 22:09:19.178,1.55805,1.55881
GBP/USD,20150101 22:09:20.181,1.55806,1.55882
GBP/USD,20150101 22:09:21.386,1.55802,1.55885
GBP/USD,20150101 22:09:22.181,1.55794,1.55892
GBP/USD,20150101 22:09:22.218,1.55801,1.55884
GBP/USD,20150101 22:09:23.221,1.558,1.55879
GBP/USD,20150101 22:09:24.316,1.55803,1.5588
GBP/USD,20150101 22:09:24.704,1.55803,1.55845
GBP/USD,20150101 22:09:25.402,1.558,1.55845
GBP/USD,20150101 22:09:27.322,1.55796,1.55845
GBP/USD,20150101 22:09:27.328,1.55777,1.55845
GBP/USD,20150101 22:09:27.347,1.55787,1.55845
GBP/USD,20150101 22:09:27.392,1.55798,1.55845
GBP/USD,20150101 22:09:28.596,1.55801,1.55845
GBP/USD,20150101 22:09:29.776,1.55802,1.55845
GBP/USD,20150101 22:09:32.211,1.55808,1.55845
GBP/USD,20150101 22:09:32.441,1.55802,1.55845
GBP/USD,20150101 22:09:36.544,1.55809,1.55845
GBP/USD,20150101 22:09:36.549,1.55794,1.55845
GBP/USD,20150101 22:09:36.569,1.55803,1.55845
GBP/USD,20150101 22:09:36.578,1.55803,1.55848
GBP/USD,20150101 22:09:47.489,1.55811,1.55848
GBP/USD,20150101 22:09:47.494,1.55794,1.55848
GBP/USD,20150101 22:09:47.515,1.558,1.55848
GBP/USD,20150101 22:09:48.630,1.55803,1.55848
GBP/USD,20150101 22:09:49.631,1.55802,1.55848
GBP/USD,20150101 22:09:51.009,1.55808,1.55848
GBP/USD,20150101 22:09:51.023,1.55804,1.55848
GBP/USD,20150101 22:09:52.026,1.55805,1.55848
GBP/USD,20150101 22:09:54.489,1.55811,1.55848
GBP/USD,20150101 22:09:55.126,1.55804,1.55848
GBP/USD,20150101 22:09:59.684,1.55786,1.55848
GBP/USD,20150101 22:09:59.695,1.55786,1.55842
GBP/USD,20150101 22:09:59.716,1.55788,1.55842
GBP/USD,20150101 22:10:00.438,1.55796,1.55842
GBP/USD,20150101 22:10:04.927,1.55798,1.55842
GBP/USD,20150101 22:10:06.112,1.55801,1.55842
GBP/USD,20150101 22:10:07.172,1.558,1.55842
GBP/USD,20150101 22:10:12.516,1.558,1.55844
GBP/USD,20150101 22:10:13.022,1.55807,1.55844
GBP/USD,20150101 22:10:13.029,1.55791,1.55844
GBP/USD,20150101 22:10:13.051,1.558,1.55844
GBP/USD,20150101 22:10:14.437,1.55802,1.55844
GBP/USD,20150101 22:10:15.692,1.55798,1.55844
GBP/USD,20150101 22:10:17.372,1.558,1.55844
GBP/USD,20150101 22:10:19.409,1.55805,1.55844
GBP/USD,20150101 22:10:19.412,1.55805,1.55845
GBP/USD,20150101 22:10:19.423,1.55799,1.55845
GBP/USD,20150101 22:10:20.491,1.55804,1.55845
GBP/USD,20150101 22:10:20.507,1.55804,1.55848
GBP/USD,20150101 22:10:21.632,1.55805,1.55848
GBP/USD,20150101 22:10:30.563,1.55805,1.55849
GBP/USD,20150101 22:10:30.802,1.55816,1.55849
GBP/USD,20150101 22:10:30.807,1.55798,1.55849
GBP/USD,20150101 22:10:30.818,1.55798,1.55845
GBP/USD,20150101 22:10:30.828,1.55805,1.55845
GBP/USD,20150101 22:10:30.868,1.55805,1.55849
GBP/USD,20150101 22:10:31.893,1.55806,1.55849
GBP/USD,20150101 22:10:32.926,1.55804,1.55849
GBP/USD,20150101 22:10:33.931,1.55805,1.55849
GBP/USD,20150101 22:10:36.534,1.5581,1.55849
GBP/USD,20150101 22:10:36.539,1.55797,1.55849
GBP/USD,20150101 22:10:36.558,1.55806,1.55849
GBP/USD,20150101 22:10:40.897,1.55808,1.55849
GBP/USD,20150101 22:10:41.897,1.55806,1.55849
GBP/USD,20150101 22:10:42.942,1.55807,1.55849
GBP/USD,20150101 22:10:42.945,1.55807,1.55848
GBP/USD,20150101 22:10:42.955,1.55801,1.55848
GBP/USD,20150101 22:10:44.002,1.55802,1.55848
GBP/USD,20150101 22:10:51.075,1.55802,1.55846
GBP/USD,20150101 22:10:51.181,1.55798,1.55846
GBP/USD,20150101 22:10:51.187,1.55787,1.55846
GBP/USD,20150101 22:10:51.213,1.55775,1.55846
GBP/USD,20150101 22:10:52.201,1.55793,1.55846
GBP/USD,20150101 22:10:53.202,1.55797,1.55846
GBP/USD,20150101 22:10:53.210,1.55797,1.55843
GBP/USD,20150101 22:10:54.227,1.558,1.55843
GBP/USD,20150101 22:10:55.232,1.55799,1.55843
GBP/USD,20150101 22:10:58.296,1.55801,1.55843
GBP/USD,20150101 22:10:58.300,1.55801,1.55845
GBP/USD,20150101 22:10:59.356,1.558,1.55845
GBP/USD,20150101 22:11:01.542,1.55799,1.55845
GBP/USD,20150101 22:11:02.554,1.55804,1.55845
GBP/USD,20150101 22:11:03.358,1.558,1.55845
GBP/USD,20150101 22:11:04.397,1.55802,1.55845
GBP/USD,20150101 22:11:06.371,1.55799,1.55845
GBP/USD,20150101 22:11:06.407,1.55791,1.55845
GBP/USD,20150101 22:11:07.379,1.55798,1.55845
GBP/USD,20150101 22:11:08.536,1.558,1.55845
GBP/USD,20150101 22:11:10.152,1.55798,1.55845
GBP/USD,20150101 22:11:11.599,1.55794,1.55845
GBP/USD,20150101 22:11:11.602,1.55794,1.55843
GBP/USD,20150101 22:11:13.517,1.55796,1.55843
GBP/USD,20150101 22:11:14.706,1.55799,1.55843
GBP/USD,20150101 22:11:16.016,1.55798,1.55843
GBP/USD,20150101 22:11:17.017,1.55799,1.55843
GBP/USD,20150101 22:11:19.812,1.55793,1.55843
GBP/USD,20150101 22:11:19.849,1.55796,1.55843
GBP/USD,20150101 22:11:21.913,1.55797,1.55843
GBP/USD,20150101 22:11:22.921,1.55798,1.55843
GBP/USD,20150101 22:11:22.924,1.55798,1.55842
GBP/USD,20150101 22:11:24.586,1.558,1.55842
GBP/USD,20150101 22:11:25.526,1.55793,1.55842
GBP/USD,20150101 22:11:26.537,1.5579,1.55842
GBP/USD,20150101 22:11:26.571,1.55797,1.55842
GBP/USD,20150101 22:11:28.297,1.55796,1.55842
GBP/USD,20150101 22:11:30.994,1.55783,1.55842
GBP/USD,20150101 22:11:31.029,1.55793,1.55842
GBP/USD,20150101 22:11:32.031,1.55796,1.55842
GBP/USD,20150101 22:11:33.552,1.55798,1.55842
GBP/USD,20150101 22:11:34.557,1.55799,1.55842
GBP/USD,20150101 22:11:35.703,1.55804,1.55842
GBP/USD,20150101 22:11:35.767,1.55804,1.55844
GBP/USD,20150101 22:11:35.885,1.55798,1.55844
GBP/USD,20150101 22:11:38.956,1.55803,1.55844
GBP/USD,20150101 22:11:38.972,1.55803,1.55843
GBP/USD,20150101 22:11:38.972,1.55799,1.55843
GBP/USD,20150101 22:11:38.973,1.55799,1.55842
GBP/USD,20150101 22:11:43.047,1.55807,1.55842
GBP/USD,20150101 22:11:43.076,1.55802,1.55842
GBP/USD,20150101 22:11:44.103,1.55802,1.55845
GBP/USD,20150101 22:11:44.417,1.558,1.55845
GBP/USD,20150101 22:11:46.057,1.55797,1.55845
GBP/USD,20150101 22:11:46.062,1.55788,1.55845
GBP/USD,20150101 22:11:46.084,1.55793,1.55845
GBP/USD,20150101 22:11:46.097,1.55798,1.55845
GBP/USD,20150101 22:11:49.067,1.55801,1.55845
GBP/USD,20150101 22:11:49.080,1.55797,1.55845
GBP/USD,20150101 22:11:50.161,1.558,1.55845
GBP/USD,20150101 22:11:52.904,1.558,1.55876
GBP/USD,20150101 22:11:56.002,1.55806,1.55881
GBP/USD,20150101 22:11:56.007,1.55788,1.55888
GBP/USD,20150101 22:11:56.535,1.55797,1.55877
GBP/USD,20150101 22:11:57.601,1.558,1.55876
GBP/USD,20150101 22:12:00.847,1.55802,1.55877
GBP/USD,20150101 22:12:00.851,1.55786,1.55887
GBP/USD,20150101 22:12:00.869,1.55786,1.55888
GBP/USD,20150101 22:12:00.873,1.55794,1.55881
GBP/USD,20150101 22:12:00.884,1.55797,1.55874
GBP/USD,20150101 22:12:01.887,1.55798,1.55875
GBP/USD,20150101 22:12:03.813,1.55801,1.55871
GBP/USD,20150101 22:12:03.832,1.55797,1.55877
GBP/USD,20150101 22:12:05.821,1.558,1.55874
GBP/USD,20150101 22:12:05.912,1.558,1.55881
GBP/USD,20150101 22:12:06.868,1.55797,1.55873
GBP/USD,20150101 22:12:08.909,1.55796,1.5587
GBP/USD,20150101 22:12:09.913,1.558,1.55874
GBP/USD,20150101 22:12:11.217,1.55803,1.55872
GBP/USD,20150101 22:12:12.307,1.55803,1.55876
GBP/USD,20150101 22:12:13.311,1.55802,1.55876
GBP/USD,20150101 22:12:14.326,1.55805,1.55873
GBP/USD,20150101 22:12:15.516,1.55802,1.55875
GBP/USD,20150101 22:12:16.566,1.55805,1.55873
GBP/USD,20150101 22:12:17.648,1.55801,1.55875
GBP/USD,20150101 22:12:20.807,1.55804,1.55873
GBP/USD,20150101 22:12:20.832,1.55798,1.55878
GBP/USD,20150101 22:12:20.991,1.55802,1.5587
GBP/USD,20150101 22:12:22.133,1.55804,1.5587
GBP/USD,20150101 22:12:23.420,1.55804,1.55846
GBP/USD,20150101 22:12:25.306,1.55802,1.55846
GBP/USD,20150101 22:12:28.307,1.55803,1.55846
GBP/USD,20150101 22:12:29.312,1.55804,1.55846
GBP/USD,20150101 22:12:30.678,1.55807,1.55846
GBP/USD,20150101 22:12:30.698,1.55801,1.55846
GBP/USD,20150101 22:12:31.771,1.55804,1.55846
GBP/USD,20150101 22:12:32.773,1.55802,1.55846
GBP/USD,20150101 22:12:33.776,1.55804,1.55846
GBP/USD,20150101 22:12:34.759,1.55804,1.55845
GBP/USD,20150101 22:12:34.780,1.55802,1.55845
GBP/USD,20150101 22:12:37.703,1.55805,1.55845
GBP/USD,20150101 22:12:37.728,1.558,1.55845
GBP/USD,20150101 22:12:40.717,1.55797,1.55845
GBP/USD,20150101 22:12:41.721,1.55802,1.55845
GBP/USD,20150101 22:12:43.761,1.55806,1.55845
GBP/USD,20150101 22:12:45.737,1.55804,1.55845
GBP/USD,20150101 22:12:46.777,1.55802,1.55845
GBP/USD,20150101 22:12:47.802,1.55804,1.55845
GBP/USD,20150101 22:12:49.636,1.55806,1.55845
GBP/USD,20150101 22:12:50.641,1.55804,1.55845
GBP/USD,20150101 22:12:51.887,1.55805,1.55845
GBP/USD,20150101 22:12:51.890,1.55805,1.55846
GBP/USD,20150101 22:12:53.776,1.55807,1.55846
GBP/USD,20150101 22:12:55.027,1.55803,1.55846
GBP/USD,20150101 22:12:56.031,1.55804,1.55846
GBP/USD,20150101 22:12:57.787,1.55805,1.55846
GBP/USD,20150101 22:12:57.802,1.55802,1.55846
GBP/USD,20150101 22:13:00.816,1.55803,1.55846
GBP/USD,20150101 22:13:00.820,1.55803,1.55845
GBP/USD,20150101 22:13:02.863,1.55808,1.55845
GBP/USD,20150101 22:13:02.875,1.55808,1.55847
GBP/USD,20150101 22:13:02.881,1.55803,1.55847
GBP/USD,20150101 22:13:02.942,1.55806,1.55847
GBP/USD,20150101 22:13:04.951,1.55808,1.55847
GBP/USD,20150101 22:13:05.041,1.55803,1.55847
GBP/USD,20150101 22:13:06.827,1.55804,1.55847
GBP/USD,20150101 22:13:07.953,1.55804,1.55846
GBP/USD,20150101 22:13:07.957,1.55802,1.55846
GBP/USD,20150101 22:13:09.056,1.55803,1.55846
GBP/USD,20150101 22:13:10.101,1.55804,1.55846
GBP/USD,20150101 22:13:13.012,1.55806,1.55846
GBP/USD,20150101 22:13:13.026,1.55806,1.55847
GBP/USD,20150101 22:13:14.017,1.55805,1.55847
GBP/USD,20150101 22:13:16.537,1.55809,1.55847
GBP/USD,20150101 22:13:16.602,1.55805,1.55847
GBP/USD,20150101 22:13:18.122,1.55804,1.55847
GBP/USD,20150101 22:13:19.616,1.55805,1.55847
GBP/USD,20150101 22:13:20.663,1.55811,1.55847
GBP/USD,20150101 22:13:20.677,1.55811,1.55849
GBP/USD,20150101 22:13:21.666,1.55807,1.55849
GBP/USD,20150101 22:13:22.752,1.55808,1.55849
GBP/USD,20150101 22:13:23.772,1.5581,1.55849
GBP/USD,20150101 22:13:24.902,1.55806,1.55849
GBP/USD,20150101 22:13:29.522,1.55811,1.55849
GBP/USD,20150101 22:13:29.538,1.55811,1.55848
GBP/USD,20150101 22:13:29.542,1.55805,1.55848
GBP/USD,20150101 22:13:33.814,1.55808,1.55848
GBP/USD,20150101 22:13:33.828,1.55803,1.55848
GBP/USD,20150101 22:13:36.538,1.55806,1.55848
GBP/USD,20150101 22:13:36.541,1.55806,1.55847
GBP/USD,20150101 22:13:36.623,1.55801,1.55847
GBP/USD,20150101 22:13:37.802,1.55805,1.55847
GBP/USD,20150101 22:13:38.806,1.55804,1.55847
GBP/USD,20150101 22:13:39.811,1.55806,1.55847
GBP/USD,20150101 22:13:40.816,1.55807,1.55847
GBP/USD,20150101 22:13:41.723,1.55807,1.55846
GBP/USD,20150101 22:13:41.819,1.55806,1.55846
GBP/USD,20150101 22:13:44.829,1.55807,1.55846
GBP/USD,20150101 22:13:45.331,1.55809,1.55846
GBP/USD,20150101 22:13:46.747,1.55809,1.55847
GBP/USD,20150101 22:13:46.747,1.55807,1.55847
GBP/USD,20150101 22:13:47.751,1.55805,1.55847
GBP/USD,20150101 22:13:49.777,1.55803,1.55847
GBP/USD,20150101 22:13:51.322,1.55805,1.55847
GBP/USD,20150101 22:13:51.327,1.55789,1.55847
GBP/USD,20150101 22:13:51.348,1.55802,1.55847
GBP/USD,20150101 22:13:52.542,1.55804,1.55847
GBP/USD,20150101 22:13:54.552,1.55805,1.55847
GBP/USD,20150101 22:13:58.716,1.55807,1.55847
GBP/USD,20150101 22:13:58.726,1.5581,1.55847
GBP/USD,20150101 22:13:58.752,1.55806,1.55847
GBP/USD,20150101 22:14:01.889,1.55812,1.55847
GBP/USD,20150101 22:14:01.894,1.55797,1.55847
GBP/USD,20150101 22:14:01.915,1.55806,1.55847
GBP/USD,20150101 22:14:02.961,1.55808,1.55847
GBP/USD,20150101 22:14:04.906,1.55809,1.55847
GBP/USD,20150101 22:14:05.971,1.55808,1.55847
GBP/USD,20150101 22:14:06.817,1.55802,1.55847
GBP/USD,20150101 22:14:06.822,1.55788,1.55847
GBP/USD,20150101 22:14:06.841,1.55804,1.55847
GBP/USD,20150101 22:14:06.952,1.55805,1.55847
GBP/USD,20150101 22:14:08.548,1.55806,1.55847
GBP/USD,20150101 22:14:11.061,1.55809,1.55847
GBP/USD,20150101 22:14:11.588,1.55807,1.55847
GBP/USD,20150101 22:14:11.609,1.55807,1.55845
GBP/USD,20150101 22:14:12.402,1.55807,1.55843
GBP/USD,20150101 22:14:12.509,1.55804,1.55843
GBP/USD,20150101 22:14:18.795,1.55804,1.55863
GBP/USD,20150101 22:14:23.207,1.55806,1.55855
GBP/USD,20150101 22:14:23.214,1.55799,1.55872
GBP/USD,20150101 22:14:23.239,1.55799,1.55865
GBP/USD,20150101 22:14:23.386,1.55802,1.55862
GBP/USD,20150101 22:14:23.416,1.55802,1.5584
GBP/USD,20150101 22:14:25.391,1.55801,1.5584
GBP/USD,20150101 22:14:26.392,1.55802,1.5584
GBP/USD,20150101 22:14:28.521,1.55804,1.5584
GBP/USD,20150101 22:14:28.551,1.55801,1.5584
GBP/USD,20150101 22:14:30.166,1.55802,1.5584
GBP/USD,20150101 22:14:31.547,1.55801,1.5584
GBP/USD,20150101 22:14:31.562,1.55799,1.5584
GBP/USD,20150101 22:14:32.080,1.558,1.5584
GBP/USD,20150101 22:14:36.536,1.55807,1.5584
GBP/USD,20150101 22:14:36.539,1.558,1.5584
GBP/USD,20150101 22:14:52.384,1.55801,1.5584
GBP/USD,20150101 22:14:52.387,1.55801,1.55839
GBP/USD,20150101 22:14:52.389,1.558,1.55839
GBP/USD,20150101 22:14:57.795,1.558,1.55834
GBP/USD,20150101 22:14:58.068,1.55801,1.55834
GBP/USD,20150101 22:14:58.102,1.558,1.55834
GBP/USD,20150101 22:14:58.129,1.558,1.55839
GBP/USD,20150101 22:14:58.214,1.55801,1.55839
GBP/USD,20150101 22:14:58.597,1.55801,1.55846
GBP/USD,20150101 22:14:58.624,1.55804,1.55846
GBP/USD,20150101 22:14:58.657,1.55806,1.55846
GBP/USD,20150101 22:14:59.682,1.5581,1.55846
GBP/USD,20150101 22:15:03.720,1.55812,1.55846
GBP/USD,20150101 22:15:03.837,1.55799,1.55846
GBP/USD,20150101 22:15:03.850,1.55799,1.5585
GBP/USD,20150101 22:15:04.317,1.55805,1.5585
GBP/USD,20150101 22:15:05.392,1.5581,1.5585
GBP/USD,20150101 22:15:06.553,1.55811,1.5585
GBP/USD,20150101 22:15:07.557,1.55809,1.5585
GBP/USD,20150101 22:15:08.700,1.55809,1.55879
GBP/USD,20150101 22:15:09.565,1.5581,1.55875
GBP/USD,20150101 22:15:11.573,1.55809,1.55874
GBP/USD,20150101 22:15:12.429,1.5581,1.55879
GBP/USD,20150101 22:15:13.581,1.55812,1.55877
GBP/USD,20150101 22:15:14.585,1.55808,1.5588
GBP/USD,20150101 22:15:15.201,1.55803,1.55881
GBP/USD,20150101 22:15:15.940,1.55809,1.55874
GBP/USD,20150101 22:15:17.095,1.55811,1.55876
GBP/USD,20150101 22:15:18.099,1.55808,1.5588
GBP/USD,20150101 22:15:18.863,1.55803,1.55881
GBP/USD,20150101 22:15:18.946,1.55809,1.55874
GBP/USD,20150101 22:15:20.955,1.55808,1.55873
GBP/USD,20150101 22:15:24.824,1.55817,1.55885
GBP/USD,20150101 22:15:24.829,1.55803,1.55885
GBP/USD,20150101 22:15:24.848,1.55805,1.55885
GBP/USD,20150101 22:15:25.242,1.55811,1.55879
GBP/USD,20150101 22:15:26.282,1.55811,1.55876
GBP/USD,20150101 22:15:27.291,1.55813,1.55877
GBP/USD,20150101 22:15:27.507,1.55818,1.55873
GBP/USD,20150101 22:15:27.512,1.55805,1.55882
GBP/USD,20150101 22:15:27.532,1.55812,1.55876
GBP/USD,20150101 22:15:28.636,1.5581,1.55875
GBP/USD,20150101 22:15:28.639,1.5581,1.5585
GBP/USD,20150101 22:15:29.643,1.55811,1.5585
GBP/USD,20150101 22:15:30.558,1.55806,1.5585
GBP/USD,20150101 22:15:30.802,1.55812,1.5585
GBP/USD,20150101 22:15:31.153,1.55807,1.5585
GBP/USD,20150101 22:15:31.286,1.558,1.5585
GBP/USD,20150101 22:15:31.294,1.55799,1.5585
GBP/USD,20150101 22:15:31.462,1.55798,1.5585
GBP/USD,20150101 22:15:31.465,1.55798,1.55846
GBP/USD,20150101 22:15:34.132,1.55802,1.55846
GBP/USD,20150101 22:15:34.692,1.55797,1.55846
GBP/USD,20150101 22:15:37.551,1.558,1.55846
GBP/USD,20150101 22:15:37.746,1.55794,1.55846
GBP/USD,20150101 22:15:39.534,1.55802,1.55846
GBP/USD,20150101 22:15:40.946,1.55797,1.55846
GBP/USD,20150101 22:15:40.952,1.55787,1.55846
GBP/USD,20150101 22:15:40.975,1.5579,1.55846
GBP/USD,20150101 22:15:46.424,1.5579,1.55843
GBP/USD,20150101 22:15:46.425,1.55787,1.55843
GBP/USD,20150101 22:15:46.896,1.55787,1.55838
GBP/USD,20150101 22:15:46.903,1.5579,1.55838
GBP/USD,20150101 22:15:46.937,1.55796,1.55838
GBP/USD,20150101 22:15:47.427,1.55796,1.55844
GBP/USD,20150101 22:15:48.546,1.558,1.55844
GBP/USD,20150101 22:15:49.825,1.55798,1.55844
GBP/USD,20150101 22:15:51.753,1.55801,1.55844
GBP/USD,20150101 22:15:54.388,1.55804,1.55844
GBP/USD,20150101 22:15:54.393,1.55795,1.55844
GBP/USD,20150101 22:15:55.038,1.55797,1.55844
GBP/USD,20150101 22:15:56.041,1.55796,1.55844
GBP/USD,20150101 22:15:57.042,1.55799,1.55844
GBP/USD,20150101 22:15:58.126,1.55798,1.55844
GBP/USD,20150101 22:15:58.799,1.55798,1.55868
GBP/USD,20150101 22:16:00.003,1.55795,1.55874
GBP/USD,20150101 22:16:00.044,1.55799,1.55866
GBP/USD,20150101 22:16:01.707,1.55803,1.55869
GBP/USD,20150101 22:16:02.939,1.55799,1.55871
GBP/USD,20150101 22:16:04.542,1.55801,1.5587
GBP/USD,20150101 22:16:05.653,1.55804,1.55875
GBP/USD,20150101 22:16:06.661,1.55803,1.55871
GBP/USD,20150101 22:16:07.666,1.55803,1.55869
GBP/USD,20150101 22:16:09.502,1.55803,1.55867
GBP/USD,20150101 22:16:10.883,1.55798,1.55865
GBP/USD,20150101 22:16:11.892,1.55803,1.55866
GBP/USD,20150101 22:16:13.452,1.55806,1.55865
GBP/USD,20150101 22:16:14.581,1.55805,1.55865
GBP/USD,20150101 22:16:14.606,1.558,1.55861
GBP/USD,20150101 22:16:14.617,1.55806,1.55862
GBP/USD,20150101 22:16:15.662,1.55805,1.55862
GBP/USD,20150101 22:16:16.078,1.558,1.5586
GBP/USD,20150101 22:16:17.556,1.558,1.55861
GBP/USD,20150101 22:16:17.580,1.55796,1.5586
GBP/USD,20150101 22:16:17.592,1.55801,1.55861
GBP/USD,20150101 22:16:17.790,1.55796,1.55862
GBP/USD,20150101 22:16:19.082,1.55798,1.55859
GBP/USD,20150101 22:16:20.091,1.55797,1.55862
GBP/USD,20150101 22:16:21.392,1.558,1.55865
GBP/USD,20150101 22:16:23.009,1.55805,1.55861
GBP/USD,20150101 22:16:23.025,1.55797,1.55863
GBP/USD,20150101 22:16:23.036,1.55802,1.55864
GBP/USD,20150101 22:16:23.078,1.55797,1.55862
GBP/USD,20150101 22:16:24.063,1.55792,1.55859
GBP/USD,20150101 22:16:24.110,1.55797,1.5586
GBP/USD,20150101 22:16:24.613,1.55801,1.55866
GBP/USD,20150101 22:16:25.554,1.55801,1.55842
GBP/USD,20150101 22:16:25.556,1.55801,1.55848
GBP/USD,20150101 22:16:25.556,1.55807,1.55848
GBP/USD,20150101 22:16:25.621,1.55807,1.5584
GBP/USD,20150101 22:16:27.423,1.55807,1.55842
GBP/USD,20150101 22:16:27.426,1.55807,1.55848
GBP/USD,20150101 22:16:27.426,1.55805,1.55848
GBP/USD,20150101 22:16:27.457,1.55806,1.55848
GBP/USD,20150101 22:16:27.487,1.55805,1.55848
GBP/USD,20150101 22:16:27.498,1.55807,1.55848
GBP/USD,20150101 22:16:27.530,1.55807,1.55844
GBP/USD,20150101 22:16:27.538,1.55805,1.55844
GBP/USD,20150101 22:16:27.549,1.55807,1.55844
GBP/USD,20150101 22:16:27.589,1.55805,1.55844
GBP/USD,20150101 22:16:27.651,1.55805,1.55841
GBP/USD,20150101 22:16:27.807,1.55805,1.55849
GBP/USD,20150101 22:16:27.830,1.55805,1.55842
GBP/USD,20150101 22:16:27.832,1.55798,1.55842
GBP/USD,20150101 22:16:28.703,1.55801,1.55842
GBP/USD,20150101 22:16:29.405,1.55794,1.55842
GBP/USD,20150101 22:16:29.922,1.558,1.55842
GBP/USD,20150101 22:16:31.007,1.55798,1.55842
GBP/USD,20150101 22:16:32.009,1.55796,1.55842
GBP/USD,20150101 22:16:33.512,1.55799,1.55842
GBP/USD,20150101 22:16:34.606,1.55795,1.55842
GBP/USD,20150101 22:16:36.547,1.55798,1.55842
GBP/USD,20150101 22:16:38.007,1.55794,1.55842
GBP/USD,20150101 22:16:38.957,1.55797,1.55842
GBP/USD,20150101 22:16:40.917,1.55798,1.55842
GBP/USD,20150101 22:16:41.932,1.55795,1.55842
GBP/USD,20150101 22:16:43.942,1.55794,1.55842
GBP/USD,20150101 22:16:43.982,1.55794,1.55842
GBP/USD,20150101 22:16:46.138,1.55799,1.55842
GBP/USD,20150101 22:16:46.143,1.55794,1.55842
GBP/USD,20150101 22:16:48.421,1.55794,1.55839
GBP/USD,20150101 22:16:48.423,1.55797,1.55839
GBP/USD,20150101 22:16:49.507,1.55795,1.55839
GBP/USD,20150101 22:16:49.509,1.55795,1.55838
GBP/USD,20150101 22:16:50.632,1.55794,1.55838
GBP/USD,20150101 22:17:01.246,1.55796,1.55838
GBP/USD,20150101 22:17:01.251,1.55794,1.55838
GBP/USD,20150101 22:17:03.654,1.55798,1.55838
GBP/USD,20150101 22:17:03.656,1.55798,1.55836
GBP/USD,20150101 22:17:03.678,1.55794,1.55836
GBP/USD,20150101 22:17:04.682,1.55796,1.55836
GBP/USD,20150101 22:17:05.687,1.55795,1.55836
GBP/USD,20150101 22:17:07.517,1.55796,1.55836
GBP/USD,20150101 22:17:08.005,1.55794,1.55836
GBP/USD,20150101 22:17:09.159,1.55795,1.55836
GBP/USD,20150101 22:17:11.167,1.55794,1.55836
GBP/USD,20150101 22:17:13.934,1.55794,1.55834
GBP/USD,20150101 22:17:13.992,1.55796,1.55834
GBP/USD,20150101 22:17:15.077,1.55794,1.55834
GBP/USD,20150101 22:17:16.531,1.55792,1.55834
GBP/USD,20150101 22:17:16.547,1.55791,1.55834
GBP/USD,20150101 22:17:20.011,1.55789,1.55834
GBP/USD,20150101 22:17:20.017,1.55786,1.55834
GBP/USD,20150101 22:17:20.039,1.5579,1.55834
GBP/USD,20150101 22:17:23.077,1.55789,1.55834
GBP/USD,20150101 22:17:23.080,1.55789,1.55833
GBP/USD,20150101 22:17:24.083,1.55787,1.55833
GBP/USD,20150101 22:17:24.088,1.55786,1.55833
GBP/USD,20150101 22:17:24.120,1.55788,1.55833
GBP/USD,20150101 22:17:26.522,1.5579,1.55833
GBP/USD,20150101 22:17:26.527,1.55786,1.55833
GBP/USD,20150101 22:17:26.548,1.55789,1.55833
GBP/USD,20150101 22:17:27.642,1.5579,1.55833
GBP/USD,20150101 22:17:29.516,1.5579,1.55831
GBP/USD,20150101 22:17:30.016,1.55787,1.55831
GBP/USD,20150101 22:17:30.482,1.55786,1.55831
GBP/USD,20150101 22:17:30.520,1.55787,1.55831
GBP/USD,20150101 22:17:30.530,1.55788,1.55831
GBP/USD,20150101 22:17:33.541,1.55786,1.55831
GBP/USD,20150101 22:17:33.905,1.55788,1.55831
GBP/USD,20150101 22:17:38.552,1.5579,1.55831
GBP/USD,20150101 22:17:39.671,1.55792,1.55831
GBP/USD,20150101 22:17:42.187,1.55793,1.55831
GBP/USD,20150101 22:17:43.192,1.55792,1.55831
GBP/USD,20150101 22:17:45.305,1.5579,1.55831
GBP/USD,20150101 22:17:47.322,1.55788,1.55831
GBP/USD,20150101 22:17:48.327,1.55787,1.55831
GBP/USD,20150101 22:17:49.006,1.55779,1.55831
GBP/USD,20150101 22:17:49.312,1.55787,1.55831
GBP/USD,20150101 22:17:50.453,1.5579,1.55831
GBP/USD,20150101 22:17:50.458,1.55778,1.55831
GBP/USD,20150101 22:17:50.481,1.55783,1.55831
GBP/USD,20150101 22:17:51.006,1.55787,1.55831
GBP/USD,20150101 22:17:56.544,1.55784,1.55831
GBP/USD,20150101 22:17:56.548,1.55782,1.55831
GBP/USD,20150101 22:17:56.569,1.5579,1.55831
GBP/USD,20150101 22:17:58.572,1.55789,1.55831
GBP/USD,20150101 22:17:58.577,1.55789,1.5583
GBP/USD,20150101 22:17:59.004,1.55788,1.5583
GBP/USD,20150101 22:17:59.005,1.55779,1.5583
GBP/USD,20150101 22:17:59.308,1.55781,1.5583
GBP/USD,20150101 22:18:00.312,1.5578,1.5583
GBP/USD,20150101 22:18:01.477,1.55783,1.5583
GBP/USD,20150101 22:18:03.326,1.55784,1.5583
GBP/USD,20150101 22:18:03.332,1.55779,1.5583
GBP/USD,20150101 22:18:03.353,1.5578,1.5583
GBP/USD,20150101 22:18:05.594,1.55784,1.5583
GBP/USD,20150101 22:18:06.620,1.5579,1.5583
GBP/USD,20150101 22:18:07.797,1.55791,1.5583
GBP/USD,20150101 22:18:09.801,1.55784,1.5583
GBP/USD,20150101 22:18:09.822,1.55792,1.5583
GBP/USD,20150101 22:18:10.866,1.55795,1.5583
GBP/USD,20150101 22:18:11.861,1.55795,1.55833
GBP/USD,20150101 22:18:11.886,1.55796,1.55833
GBP/USD,20150101 22:18:14.909,1.55799,1.55833
GBP/USD,20150101 22:18:14.930,1.55796,1.55833
GBP/USD,20150101 22:18:15.136,1.55796,1.55856
GBP/USD,20150101 22:18:16.003,1.55797,1.5586
GBP/USD,20150101 22:18:16.004,1.55779,1.55869
GBP/USD,20150101 22:18:16.024,1.55788,1.55857
GBP/USD,20150101 22:18:17.547,1.55787,1.55855
GBP/USD,20150101 22:18:18.327,1.55794,1.55858
GBP/USD,20150101 22:18:19.396,1.55798,1.55856
GBP/USD,20150101 22:18:24.545,1.55798,1.5584
GBP/USD,20150101 22:18:24.545,1.55791,1.5584
GBP/USD,20150101 22:18:24.556,1.55797,1.5584
GBP/USD,20150101 22:18:24.568,1.55799,1.5584
GBP/USD,20150101 22:18:26.237,1.55798,1.5584
GBP/USD,20150101 22:18:26.239,1.55798,1.55836
GBP/USD,20150101 22:18:26.240,1.55798,1.55833
GBP/USD,20150101 22:18:28.006,1.55788,1.55833
GBP/USD,20150101 22:18:28.127,1.5579,1.55833
GBP/USD,20150101 22:18:28.313,1.55798,1.55833
GBP/USD,20150101 22:18:28.535,1.55798,1.55837
GBP/USD,20150101 22:18:28.537,1.55798,1.5584
GBP/USD,20150101 22:18:28.624,1.55804,1.5584
GBP/USD,20150101 22:18:28.702,1.55799,1.5584
GBP/USD,20150101 22:18:29.711,1.55801,1.5584
GBP/USD,20150101 22:18:30.560,1.55801,1.55842
GBP/USD,20150101 22:18:30.577,1.55802,1.55842
GBP/USD,20150101 22:18:31.080,1.558,1.55842
GBP/USD,20150101 22:18:31.646,1.558,1.55838
GBP/USD,20150101 22:18:32.043,1.55798,1.55838
GBP/USD,20150101 22:18:38.002,1.55794,1.55838
GBP/USD,20150101 22:18:38.005,1.55794,1.55835
GBP/USD,20150101 22:18:38.006,1.55792,1.55835
GBP/USD,20150101 22:18:39.545,1.55796,1.55835
GBP/USD,20150101 22:18:41.257,1.55798,1.55835
GBP/USD,20150101 22:18:41.262,1.55792,1.55835
GBP/USD,20150101 22:18:41.282,1.55798,1.55835
GBP/USD,20150101 22:18:43.340,1.55799,1.55835
GBP/USD,20150101 22:18:44.502,1.558,1.55835
GBP/USD,20150101 22:18:44.507,1.55794,1.55835
GBP/USD,20150101 22:18:44.530,1.55799,1.55835
GBP/USD,20150101 22:18:44.573,1.55799,1.5584
GBP/USD,20150101 22:18:44.613,1.55802,1.5584
GBP/USD,20150101 22:18:44.864,1.55804,1.5584
GBP/USD,20150101 22:18:44.867,1.55804,1.55836
GBP/USD,20150101 22:18:45.553,1.55804,1.55842
GBP/USD,20150101 22:18:45.645,1.55804,1.55849
GBP/USD,20150101 22:18:45.707,1.55804,1.55842
GBP/USD,20150101 22:18:46.180,1.55806,1.55842
GBP/USD,20150101 22:18:46.181,1.55804,1.55842
GBP/USD,20150101 22:18:47.612,1.55807,1.55842
GBP/USD,20150101 22:18:50.166,1.55805,1.55842
GBP/USD,20150101 22:18:50.527,1.55803,1.55842
GBP/USD,20150101 22:18:54.621,1.55803,1.55846
GBP/USD,20150101 22:18:54.652,1.55811,1.55846
GBP/USD,20150101 22:18:54.684,1.55807,1.55846
GBP/USD,20150101 22:18:55.686,1.55808,1.55846
GBP/USD,20150101 22:18:56.908,1.55807,1.55846
GBP/USD,20150101 22:18:57.912,1.55804,1.55846
GBP/USD,20150101 22:18:58.007,1.55797,1.55846
GBP/USD,20150101 22:18:59.418,1.55801,1.55846
GBP/USD,20150101 22:19:00.012,1.55797,1.55846
GBP/USD,20150101 22:19:00.569,1.55797,1.55848
GBP/USD,20150101 22:19:00.632,1.55805,1.55848
GBP/USD,20150101 22:19:01.385,1.5581,1.55848
GBP/USD,20150101 22:19:04.517,1.55803,1.55848
GBP/USD,20150101 22:19:05.586,1.55807,1.55848
GBP/USD,20150101 22:19:05.920,1.55807,1.5585
GBP/USD,20150101 22:19:06.589,1.55809,1.5585
GBP/USD,20150101 22:19:07.662,1.5581,1.5585
GBP/USD,20150101 22:19:08.951,1.55807,1.5585
GBP/USD,20150101 22:19:08.972,1.55799,1.5585
GBP/USD,20150101 22:19:11.081,1.55805,1.5585
GBP/USD,20150101 22:19:16.549,1.55811,1.5585
GBP/USD,20150101 22:19:17.551,1.55812,1.5585
GBP/USD,20150101 22:19:18.556,1.55811,1.5585
GBP/USD,20150101 22:19:18.642,1.55805,1.5585
GBP/USD,20150101 22:19:20.932,1.55805,1.5585
GBP/USD,20150101 22:19:21.080,1.55804,1.5585
GBP/USD,20150101 22:19:35.032,1.55806,1.5585
GBP/USD,20150101 22:19:36.043,1.55808,1.5585
GBP/USD,20150101 22:19:37.707,1.55804,1.5585
GBP/USD,20150101 22:19:38.101,1.55804,1.5585
GBP/USD,20150101 22:19:48.796,1.55804,1.55884
GBP/USD,20150101 22:19:49.089,1.55804,1.55865
GBP/USD,20150101 22:19:49.097,1.55804,1.55876
GBP/USD,20150101 22:19:49.116,1.55807,1.5587
GBP/USD,20150101 22:19:49.404,1.55804,1.55865
GBP/USD,20150101 22:19:50.512,1.55804,1.55862
GBP/USD,20150101 22:19:51.767,1.55804,1.55867
GBP/USD,20150101 22:19:53.181,1.55804,1.5587
GBP/USD,20150101 22:19:53.526,1.55804,1.55874
GBP/USD,20150101 22:19:54.553,1.55804,1.55873
GBP/USD,20150101 22:19:54.561,1.55804,1.55874
GBP/USD,20150101 22:19:54.570,1.55804,1.55866
GBP/USD,20150101 22:19:54.571,1.55802,1.55866
GBP/USD,20150101 22:19:54.588,1.55802,1.5586
GBP/USD,20150101 22:19:55.667,1.55805,1.55859
GBP/USD,20150101 22:19:56.671,1.55803,1.55862
GBP/USD,20150101 22:19:57.672,1.55802,1.55861
GBP/USD,20150101 22:19:58.677,1.55804,1.55858
GBP/USD,20150101 22:20:00.262,1.55808,1.5586
GBP/USD,20150101 22:20:01.807,1.55808,1.55857
GBP/USD,20150101 22:20:01.914,1.55804,1.55861
GBP/USD,20150101 22:20:02.922,1.55805,1.55862
GBP/USD,20150101 22:20:03.938,1.55805,1.55847
GBP/USD,20150101 22:20:05.817,1.55806,1.55847
GBP/USD,20150101 22:20:08.958,1.55808,1.55847
GBP/USD,20150101 22:20:08.969,1.55811,1.55847
GBP/USD,20150101 22:20:09.003,1.55805,1.55847
GBP/USD,20150101 22:20:10.436,1.55804,1.55847
GBP/USD,20150101 22:20:10.477,1.55809,1.55847
GBP/USD,20150101 22:20:12.061,1.5581,1.55847
GBP/USD,20150101 22:20:13.046,1.55804,1.55847
GBP/USD,20150101 22:20:13.060,1.55804,1.55846
GBP/USD,20150101 22:20:13.061,1.55804,1.55841
GBP/USD,20150101 22:20:13.083,1.55805,1.55841
GBP/USD,20150101 22:20:13.089,1.55805,1.55846
GBP/USD,20150101 22:20:13.851,1.5581,1.55846
GBP/USD,20150101 22:20:14.853,1.55808,1.55846
GBP/USD,20150101 22:20:16.062,1.55809,1.55846
GBP/USD,20150101 22:20:16.861,1.55805,1.55846
GBP/USD,20150101 22:20:17.082,1.55808,1.55846
GBP/USD,20150101 22:20:18.157,1.55809,1.55846
GBP/USD,20150101 22:20:18.160,1.55809,1.55848
GBP/USD,20150101 22:20:19.162,1.55811,1.55848
GBP/USD,20150101 22:20:19.207,1.55808,1.55848
GBP/USD,20150101 22:20:22.003,1.55805,1.55848
GBP/USD,20150101 22:20:27.283,1.55804,1.55848
GBP/USD,20150101 22:20:28.708,1.55807,1.55848
GBP/USD,20150101 22:20:29.596,1.55807,1.55846
GBP/USD,20150101 22:20:29.669,1.55805,1.55846
GBP/USD,20150101 22:20:30.480,1.55802,1.55846
GBP/USD,20150101 22:20:31.133,1.55803,1.55846
GBP/USD,20150101 22:20:31.138,1.55803,1.55842
GBP/USD,20150101 22:20:32.137,1.55804,1.55842
GBP/USD,20150101 22:20:32.722,1.55802,1.55842
GBP/USD,20150101 22:20:33.732,1.5579,1.55842
GBP/USD,20150101 22:20:33.752,1.55803,1.55842
GBP/USD,20150101 22:20:35.118,1.55803,1.55841
GBP/USD,20150101 22:20:35.172,1.55799,1.55841
GBP/USD,20150101 22:20:35.214,1.55799,1.55839
GBP/USD,20150101 22:20:35.214,1.558,1.55839
GBP/USD,20150101 22:20:35.225,1.55799,1.55839
GBP/USD,20150101 22:20:35.274,1.55794,1.55839
GBP/USD,20150101 22:20:35.301,1.55794,1.55835
GBP/USD,20150101 22:20:35.324,1.55798,1.55835
GBP/USD,20150101 22:20:35.335,1.55795,1.55835
GBP/USD,20150101 22:20:35.819,1.558,1.55835
GBP/USD,20150101 22:20:37.551,1.55799,1.55835
GBP/USD,20150101 22:20:38.796,1.55799,1.55848
GBP/USD,20150101 22:20:38.821,1.55798,1.55846
GBP/USD,20150101 22:20:41.550,1.55799,1.55842
GBP/USD,20150101 22:20:42.093,1.55797,1.55849
GBP/USD,20150101 22:20:43.441,1.55797,1.55846
GBP/USD,20150101 22:20:44.478,1.55798,1.55842
GBP/USD,20150101 22:20:45.005,1.55797,1.55845
GBP/USD,20150101 22:20:47.522,1.55799,1.55841
GBP/USD,20150101 22:20:48.002,1.55796,1.55848
GBP/USD,20150101 22:20:49.007,1.55796,1.55848
GBP/USD,20150101 22:20:50.132,1.55796,1.55834
GBP/USD,20150101 22:20:50.170,1.55796,1.55834
GBP/USD,20150101 22:20:52.091,1.55793,1.55834
GBP/USD,20150101 22:20:53.733,1.55792,1.55834
GBP/USD,20150101 22:20:53.744,1.55797,1.55834
GBP/USD,20150101 22:20:53.787,1.55793,1.55834
GBP/USD,20150101 22:20:53.868,1.55799,1.55834
GBP/USD,20150101 22:20:54.259,1.55799,1.55839
GBP/USD,20150101 22:20:54.314,1.55803,1.55839
GBP/USD,20150101 22:20:54.762,1.55803,1.55842
GBP/USD,20150101 22:20:55.937,1.55804,1.55842
GBP/USD,20150101 22:20:56.024,1.558,1.55842
GBP/USD,20150101 22:20:56.082,1.55806,1.55842
GBP/USD,20150101 22:20:59.749,1.55799,1.55842
GBP/USD,20150101 22:20:59.754,1.55802,1.55842
GBP/USD,20150101 22:20:59.761,1.55802,1.5584
GBP/USD,20150101 22:20:59.791,1.55805,1.5584
GBP/USD,20150101 22:20:59.863,1.55807,1.5584
GBP/USD,20150101 22:21:00.283,1.55807,1.55845
GBP/USD,20150101 22:21:00.866,1.55808,1.55845
GBP/USD,20150101 22:21:03.005,1.55806,1.55845
GBP/USD,20150101 22:21:07.038,1.55806,1.55847
GBP/USD,20150101 22:21:07.041,1.55808,1.55847
GBP/USD,20150101 22:21:07.613,1.55808,1.55848
GBP/USD,20150101 22:21:07.681,1.55807,1.55848
GBP/USD,20150101 22:21:08.021,1.55809,1.55848
GBP/USD,20150101 22:21:09.026,1.5581,1.55848
GBP/USD,20150101 22:21:10.621,1.55808,1.55848
GBP/USD,20150101 22:21:11.385,1.55813,1.55848
GBP/USD,20150101 22:21:12.103,1.55809,1.55848
GBP/USD,20150101 22:21:13.123,1.5581,1.55848
GBP/USD,20150101 22:21:14.397,1.55813,1.55848
GBP/USD,20150101 22:21:17.007,1.55806,1.55848
GBP/USD,20150101 22:21:17.009,1.55806,1.55847
GBP/USD,20150101 22:21:17.025,1.55807,1.55847
GBP/USD,20150101 22:21:17.731,1.55809,1.55847
GBP/USD,20150101 22:21:18.736,1.5581,1.55847
GBP/USD,20150101 22:21:19.737,1.55809,1.55847
GBP/USD,20150101 22:21:21.013,1.55812,1.55847
GBP/USD,20150101 22:21:21.015,1.55812,1.55843
GBP/USD,20150101 22:21:22.027,1.5581,1.55843
GBP/USD,20150101 22:21:27.002,1.55799,1.55843
GBP/USD,20150101 22:21:27.033,1.55799,1.55849
GBP/USD,20150101 22:21:27.037,1.55808,1.55849
GBP/USD,20150101 22:21:27.780,1.55806,1.55849
GBP/USD,20150101 22:21:29.151,1.55806,1.55849
GBP/USD,20150101 22:21:29.187,1.55805,1.55849
GBP/USD,20150101 22:21:29.576,1.55805,1.55844
GBP/USD,20150101 22:21:29.883,1.55808,1.55844
GBP/USD,20150101 22:21:30.887,1.55806,1.55844
GBP/USD,20150101 22:21:31.932,1.55808,1.55844
GBP/USD,20150101 22:21:35.444,1.55811,1.55844
GBP/USD,20150101 22:21:35.448,1.55811,1.55845
GBP/USD,20150101 22:21:39.003,1.55805,1.55845
GBP/USD,20150101 22:21:39.021,1.55806,1.55845
GBP/USD,20150101 22:21:41.916,1.55808,1.55845
GBP/USD,20150101 22:21:42.916,1.55807,1.55845
GBP/USD,20150101 22:21:46.928,1.55812,1.55845
GBP/USD,20150101 22:21:46.938,1.55806,1.55845
GBP/USD,20150101 22:21:49.424,1.5581,1.55845
GBP/USD,20150101 22:21:49.477,1.55809,1.55845
GBP/USD,20150101 22:21:49.488,1.55808,1.55845
GBP/USD,20150101 22:21:49.699,1.55807,1.55845
GBP/USD,20150101 22:21:49.816,1.55802,1.55845
GBP/USD,20150101 22:21:49.880,1.55799,1.55845
GBP/USD,20150101 22:21:49.894,1.55799,1.55841
GBP/USD,20150101 22:21:50.441,1.55799,1.55836
GBP/USD,20150101 22:21:50.492,1.55803,1.55836
GBP/USD,20150101 22:21:50.514,1.55807,1.55836
GBP/USD,20150101 22:21:50.549,1.55809,1.55836
GBP/USD,20150101 22:21:50.622,1.55805,1.55836
GBP/USD,20150101 22:21:50.935,1.55805,1.55842
GBP/USD,20150101 22:21:50.993,1.55807,1.55842
GBP/USD,20150101 22:21:51.004,1.55806,1.55842
GBP/USD,20150101 22:21:51.011,1.55799,1.55842
GBP/USD,20150101 22:21:51.032,1.55804,1.55842
GBP/USD,20150101 22:21:51.743,1.55808,1.55842
GBP/USD,20150101 22:21:53.662,1.55808,1.55845
GBP/USD,20150101 22:21:53.667,1.55802,1.55845
GBP/USD,20150101 22:21:53.694,1.55806,1.55845
GBP/USD,20150101 22:21:54.722,1.55808,1.55845
GBP/USD,20150101 22:21:54.778,1.55808,1.55843
GBP/USD,20150101 22:21:55.727,1.55807,1.55843
GBP/USD,20150101 22:21:58.798,1.55807,1.55857
GBP/USD,20150101 22:22:01.004,1.55805,1.5587
GBP/USD,20150101 22:22:01.027,1.55805,1.55876
GBP/USD,20150101 22:22:01.029,1.55805,1.55872
GBP/USD,20150101 22:22:01.811,1.55805,1.55863
GBP/USD,20150101 22:22:02.840,1.55805,1.55859
GBP/USD,20150101 22:22:03.865,1.55808,1.55859
GBP/USD,20150101 22:22:04.017,1.55808,1.55855
GBP/USD,20150101 22:22:04.024,1.55808,1.55867
GBP/USD,20150101 22:22:04.046,1.55808,1.55861
GBP/USD,20150101 22:22:04.220,1.55808,1.55858
GBP/USD,20150101 22:22:06.007,1.55808,1.55856
GBP/USD,20150101 22:22:07.012,1.55808,1.55858
GBP/USD,20150101 22:22:07.231,1.55808,1.55862
GBP/USD,20150101 22:22:09.021,1.55809,1.55857
GBP/USD,20150101 22:22:09.024,1.55809,1.55846
GBP/USD,20150101 22:22:10.027,1.55808,1.55846
GBP/USD,20150101 22:22:11.027,1.55808,1.55846
GBP/USD,20150101 22:22:11.080,1.55806,1.55846
GBP/USD,20150101 22:22:11.137,1.55802,1.55846
GBP/USD,20150101 22:22:12.138,1.55801,1.55846
GBP/USD,20150101 22:22:13.223,1.55805,1.55846
GBP/USD,20150101 22:22:13.225,1.55799,1.55846
GBP/USD,20150101 22:22:13.247,1.55801,1.55846
GBP/USD,20150101 22:22:14.636,1.558,1.55846
GBP/USD,20150101 22:22:14.787,1.55799,1.55846
GBP/USD,20150101 22:22:15.019,1.55802,1.55846
GBP/USD,20150101 22:22:15.023,1.55799,1.55846
GBP/USD,20150101 22:22:15.048,1.558,1.55846
GBP/USD,20150101 22:22:15.083,1.55801,1.55846
GBP/USD,20150101 22:22:16.089,1.55801,1.5584
GBP/USD,20150101 22:22:16.553,1.558,1.5584
GBP/USD,20150101 22:22:18.206,1.55801,1.5584
GBP/USD,20150101 22:22:19.208,1.558,1.5584
GBP/USD,20150101 22:22:21.217,1.55802,1.5584
GBP/USD,20150101 22:22:21.220,1.55802,1.55838
GBP/USD,20150101 22:22:22.218,1.55801,1.55838
GBP/USD,20150101 22:22:24.227,1.558,1.55838
GBP/USD,20150101 22:22:25.004,1.558,1.55838
GBP/USD,20150101 22:22:25.021,1.55801,1.55838
GBP/USD,20150101 22:22:26.053,1.55801,1.55838
GBP/USD,20150101 22:22:29.052,1.55802,1.55838
GBP/USD,20150101 22:22:30.057,1.55801,1.55838
GBP/USD,20150101 22:22:31.413,1.55799,1.55838
GBP/USD,20150101 22:22:31.435,1.55799,1.55838
GBP/USD,20150101 22:22:31.623,1.55799,1.55834
GBP/USD,20150101 22:22:32.181,1.55791,1.55834
GBP/USD,20150101 22:22:33.257,1.55792,1.55834
GBP/USD,20150101 22:22:33.261,1.5579,1.55834
GBP/USD,20150101 22:22:33.283,1.55791,1.55834
GBP/USD,20150101 22:22:33.294,1.55792,1.55834
GBP/USD,20150101 22:22:34.296,1.55793,1.55834
GBP/USD,20150101 22:22:35.041,1.5579,1.55834
GBP/USD,20150101 22:22:38.568,1.5579,1.55827
GBP/USD,20150101 22:22:41.587,1.55791,1.55827
GBP/USD,20150101 22:22:41.592,1.5579,1.55827
GBP/USD,20150101 22:22:41.607,1.55788,1.55827
GBP/USD,20150101 22:22:44.861,1.55789,1.55827
GBP/USD,20150101 22:22:46.748,1.55795,1.55827
GBP/USD,20150101 22:22:47.111,1.55788,1.55827
GBP/USD,20150101 22:22:48.112,1.55788,1.55827
GBP/USD,20150101 22:22:48.686,1.5579,1.55827
GBP/USD,20150101 22:22:48.724,1.55792,1.55827
GBP/USD,20150101 22:22:49.298,1.55797,1.55827
GBP/USD,20150101 22:22:49.331,1.55801,1.55827
GBP/USD,20150101 22:22:49.342,1.55801,1.55834
GBP/USD,20150101 22:22:49.342,1.55799,1.55834
GBP/USD,20150101 22:22:49.394,1.55804,1.55834
GBP/USD,20150101 22:22:49.445,1.55806,1.55834
GBP/USD,20150101 22:22:49.455,1.55805,1.55834
GBP/USD,20150101 22:22:49.539,1.55805,1.55839
GBP/USD,20150101 22:22:49.684,1.55809,1.55839
GBP/USD,20150101 22:22:50.458,1.55805,1.55839
GBP/USD,20150101 22:22:51.461,1.55806,1.55839
GBP/USD,20150101 22:22:53.258,1.55811,1.55839
GBP/USD,20150101 22:22:54.158,1.5581,1.55839
GBP/USD,20150101 22:22:55.161,1.55809,1.55839
GBP/USD,20150101 22:22:55.164,1.55809,1.55842
GBP/USD,20150101 22:22:56.262,1.5581,1.55842
GBP/USD,20150101 22:22:58.005,1.55804,1.55842
GBP/USD,20150101 22:22:58.055,1.55802,1.55842
GBP/USD,20150101 22:22:58.058,1.55804,1.55842
GBP/USD,20150101 22:22:58.936,1.55808,1.55842
GBP/USD,20150101 22:23:00.136,1.55806,1.55842
GBP/USD,20150101 22:23:01.144,1.55806,1.55843
GBP/USD,20150101 22:23:03.022,1.55807,1.55843
GBP/USD,20150101 22:23:03.827,1.55804,1.55843
GBP/USD,20150101 22:23:03.875,1.55807,1.55843
GBP/USD,20150101 22:23:06.892,1.55805,1.55843
GBP/USD,20150101 22:23:08.003,1.55804,1.55843
GBP/USD,20150101 22:23:08.005,1.55804,1.55844
GBP/USD,20150101 22:23:08.937,1.55807,1.55844
GBP/USD,20150101 22:23:09.942,1.55806,1.55844
GBP/USD,20150101 22:23:10.467,1.55809,1.55844
GBP/USD,20150101 22:23:10.470,1.55804,1.55844
GBP/USD,20150101 22:23:10.547,1.55803,1.55844
GBP/USD,20150101 22:23:14.247,1.55803,1.55844
GBP/USD,20150101 22:23:16.034,1.55803,1.55842
GBP/USD,20150101 22:23:20.983,1.55804,1.55842
GBP/USD,20150101 22:23:21.330,1.55804,1.55843
GBP/USD,20150101 22:23:25.376,1.55807,1.55843
GBP/USD,20150101 22:23:26.002,1.55803,1.55843
GBP/USD,20150101 22:23:27.481,1.55804,1.55843
GBP/USD,20150101 22:23:28.546,1.55803,1.55843
GBP/USD,20150101 22:23:30.297,1.55805,1.55843
GBP/USD,20150101 22:23:32.007,1.55804,1.55843
GBP/USD,20150101 22:23:33.929,1.55803,1.55843
GBP/USD,20150101 22:23:33.935,1.55803,1.55846
GBP/USD,20150101 22:23:33.940,1.55804,1.55846
GBP/USD,20150101 22:23:35.956,1.55805,1.55846
GBP/USD,20150101 22:23:37.066,1.55804,1.55846
GBP/USD,20150101 22:23:38.067,1.55807,1.55846
GBP/USD,20150101 22:23:38.367,1.55803,1.55846
GBP/USD,20150101 22:23:39.263,1.55808,1.55846
GBP/USD,20150101 22:23:39.267,1.55808,1.55842
GBP/USD,20150101 22:23:39.267,1.55803,1.55842
GBP/USD,20150101 22:23:39.289,1.55804,1.55842
GBP/USD,20150101 22:23:40.372,1.55803,1.55842
GBP/USD,20150101 22:23:42.147,1.55804,1.55842
GBP/USD,20150101 22:23:43.002,1.55804,1.55842
GBP/USD,20150101 22:23:43.030,1.55807,1.55842
GBP/USD,20150101 22:23:44.382,1.55806,1.55842
GBP/USD,20150101 22:23:45.191,1.55806,1.55843
GBP/USD,20150101 22:23:48.795,1.55806,1.55859
GBP/USD,20150101 22:23:48.956,1.55807,1.55853
GBP/USD,20150101 22:23:50.167,1.55806,1.55854
GBP/USD,20150101 22:23:50.178,1.55806,1.55859
GBP/USD,20150101 22:23:51.017,1.55806,1.55854
GBP/USD,20150101 22:23:52.018,1.55806,1.55853
GBP/USD,20150101 22:23:52.443,1.55806,1.55851
GBP/USD,20150101 22:23:52.505,1.55806,1.55854
GBP/USD,20150101 22:23:52.980,1.55805,1.55854
GBP/USD,20150101 22:23:54.007,1.55805,1.55855
GBP/USD,20150101 22:23:55.431,1.55805,1.55857
GBP/USD,20150101 22:23:55.437,1.55805,1.55868
GBP/USD,20150101 22:23:55.459,1.55805,1.55862
GBP/USD,20150101 22:23:55.471,1.55805,1.55857
GBP/USD,20150101 22:23:55.480,1.55806,1.55857
GBP/USD,20150101 22:23:56.536,1.55806,1.55851
GBP/USD,20150101 22:23:56.541,1.55806,1.5586
GBP/USD,20150101 22:23:56.545,1.55805,1.5586
GBP/USD,20150101 22:23:56.563,1.55805,1.55855
GBP/USD,20150101 22:23:58.553,1.55805,1.55854
GBP/USD,20150101 22:24:00.927,1.55805,1.5587
GBP/USD,20150101 22:24:00.931,1.55805,1.55869
GBP/USD,20150101 22:24:00.940,1.55805,1.55871
GBP/USD,20150101 22:24:00.962,1.55805,1.55862
GBP/USD,20150101 22:24:01.967,1.55805,1.55856
GBP/USD,20150101 22:24:02.972,1.55805,1.55855
GBP/USD,20150101 22:24:03.418,1.55805,1.55843
GBP/USD,20150101 22:24:07.163,1.55806,1.55843
GBP/USD,20150101 22:24:08.172,1.55805,1.55843
GBP/USD,20150101 22:24:09.060,1.55805,1.55842
GBP/USD,20150101 22:24:10.137,1.55807,1.55842
GBP/USD,20150101 22:24:10.550,1.55806,1.55842
GBP/USD,20150101 22:24:10.561,1.55805,1.55842
GBP/USD,20150101 22:24:10.574,1.55807,1.55842
GBP/USD,20150101 22:24:11.080,1.55804,1.55842
GBP/USD,20150101 22:24:15.553,1.55804,1.55843
GBP/USD,20150101 22:24:15.563,1.55806,1.55843
GBP/USD,20150101 22:24:15.574,1.55804,1.55843
GBP/USD,20150101 22:24:16.767,1.55806,1.55843
GBP/USD,20150101 22:24:19.632,1.55804,1.55843
GBP/USD,20150101 22:24:19.649,1.55804,1.55846
GBP/USD,20150101 22:24:19.719,1.55806,1.55846
GBP/USD,20150101 22:24:20.725,1.55806,1.55845
GBP/USD,20150101 22:24:23.472,1.55807,1.55845
GBP/USD,20150101 22:24:24.476,1.55809,1.55845
GBP/USD,20150101 22:24:24.551,1.55805,1.55845
GBP/USD,20150101 22:24:26.561,1.55806,1.55845
GBP/USD,20150101 22:24:29.006,1.55805,1.55845
GBP/USD,20150101 22:24:29.015,1.55805,1.55846
GBP/USD,20150101 22:24:29.018,1.55807,1.55846
GBP/USD,20150101 22:24:31.431,1.55807,1.55841
GBP/USD,20150101 22:24:31.432,1.55807,1.55839
GBP/USD,20150101 22:24:31.489,1.55807,1.55841
GBP/USD,20150101 22:24:31.492,1.55807,1.55844
GBP/USD,20150101 22:24:32.481,1.55803,1.55844
GBP/USD,20150101 22:24:32.482,1.55807,1.55844
GBP/USD,20150101 22:24:38.793,1.55807,1.55856
GBP/USD,20150101 22:24:40.946,1.55807,1.55853
GBP/USD,20150101 22:24:42.057,1.55807,1.55856
GBP/USD,20150101 22:24:42.136,1.55807,1.55859
GBP/USD,20150101 22:24:43.272,1.55808,1.55854
GBP/USD,20150101 22:24:43.407,1.55802,1.55856
GBP/USD,20150101 22:24:43.783,1.55809,1.55856
GBP/USD,20150101 22:24:44.552,1.55809,1.55855
GBP/USD,20150101 22:24:46.411,1.55809,1.55857
GBP/USD,20150101 22:24:46.441,1.55809,1.55861
GBP/USD,20150101 22:24:47.003,1.55809,1.5586
GBP/USD,20150101 22:24:48.457,1.55809,1.55858
GBP/USD,20150101 22:24:49.461,1.55809,1.55859
GBP/USD,20150101 22:24:51.108,1.5581,1.55856
GBP/USD,20150101 22:24:52.944,1.55812,1.55851
GBP/USD,20150101 22:24:53.883,1.55809,1.55859
GBP/USD,20150101 22:24:53.903,1.55809,1.55857
GBP/USD,20150101 22:24:53.946,1.55803,1.55857
GBP/USD,20150101 22:24:53.992,1.55808,1.55864
GBP/USD,20150101 22:24:54.002,1.55806,1.55858
GBP/USD,20150101 22:24:54.053,1.55804,1.55858
GBP/USD,20150101 22:24:54.097,1.55809,1.55858
GBP/USD,20150101 22:24:54.190,1.55804,1.55858
GBP/USD,20150101 22:24:54.196,1.55809,1.55858
GBP/USD,20150101 22:24:54.249,1.55809,1.55861
GBP/USD,20150101 22:24:54.304,1.55809,1.55859
GBP/USD,20150101 22:24:54.314,1.5581,1.55863
GBP/USD,20150101 22:24:54.355,1.55809,1.55861
GBP/USD,20150101 22:24:54.403,1.55809,1.55866
GBP/USD,20150101 22:24:54.413,1.55809,1.5586
GBP/USD,20150101 22:24:54.417,1.55808,1.5586
GBP/USD,20150101 22:24:54.503,1.55805,1.5586
GBP/USD,20150101 22:24:54.558,1.55809,1.5586
GBP/USD,20150101 22:24:54.607,1.55805,1.5586
GBP/USD,20150101 22:24:54.780,1.5581,1.5586
GBP/USD,20150101 22:24:55.093,1.55813,1.5586
GBP/USD,20150101 22:24:55.128,1.55813,1.55862
GBP/USD,20150101 22:24:55.427,1.55813,1.5586
GBP/USD,20150101 22:24:55.509,1.55806,1.5586
GBP/USD,20150101 22:24:55.624,1.5581,1.55866
GBP/USD,20150101 22:24:55.633,1.558,1.55866
GBP/USD,20150101 22:24:55.655,1.55807,1.55859
GBP/USD,20150101 22:24:55.684,1.55803,1.55857
GBP/USD,20150101 22:24:55.786,1.55799,1.55851
GBP/USD,20150101 22:24:55.850,1.55799,1.55847
GBP/USD,20150101 22:24:55.904,1.55802,1.55847
GBP/USD,20150101 22:24:55.908,1.55802,1.55849
GBP/USD,20150101 22:24:55.918,1.55805,1.55854
GBP/USD,20150101 22:24:56.017,1.55809,1.55859
GBP/USD,20150101 22:24:56.066,1.55802,1.55857
GBP/USD,20150101 22:24:56.076,1.55806,1.55857
GBP/USD,20150101 22:24:56.119,1.55802,1.55857
GBP/USD,20150101 22:24:56.196,1.55806,1.55857
GBP/USD,20150101 22:24:56.221,1.55809,1.55859
GBP/USD,20150101 22:24:56.319,1.55809,1.55857
GBP/USD,20150101 22:24:56.372,1.55809,1.55861
GBP/USD,20150101 22:24:56.380,1.55809,1.55866
GBP/USD,20150101 22:24:56.401,1.55809,1.55861
GBP/USD,20150101 22:24:56.482,1.5581,1.55866
GBP/USD,20150101 22:24:56.539,1.55809,1.5586
GBP/USD,20150101 22:24:56.558,1.55812,1.55863
GBP/USD,20150101 22:24:57.447,1.55809,1.55864
GBP/USD,20150101 22:24:58.451,1.55811,1.55861
GBP/USD,20150101 22:24:59.571,1.55809,1.55864
GBP/USD,20150101 22:25:00.572,1.55813,1.5586
GBP/USD,20150101 22:25:00.622,1.55808,1.55863
GBP/USD,20150101 22:25:00.632,1.55809,1.55865
GBP/USD,20150101 22:25:02.170,1.55811,1.55863
GBP/USD,20150101 22:25:02.580,1.55816,1.55863
GBP/USD,20150101 22:25:03.135,1.55816,1.55865
GBP/USD,20150101 22:25:03.528,1.55816,1.5587
GBP/USD,20150101 22:25:03.541,1.55816,1.55865
GBP/USD,20150101 22:25:03.548,1.55816,1.55869
GBP/USD,20150101 22:25:03.571,1.55816,1.55863
GBP/USD,20150101 22:25:04.640,1.55816,1.55862
GBP/USD,20150101 22:25:05.419,1.55817,1.55865
GBP/USD,20150101 22:25:05.432,1.55816,1.55862
GBP/USD,20150101 22:25:05.440,1.55816,1.55853
GBP/USD,20150101 22:25:05.442,1.55813,1.55853
GBP/USD,20150101 22:25:05.448,1.5581,1.55853
GBP/USD,20150101 22:25:05.460,1.5581,1.55846
GBP/USD,20150101 22:25:05.661,1.5581,1.55843
GBP/USD,20150101 22:25:05.786,1.5581,1.5584
GBP/USD,20150101 22:25:05.789,1.5581,1.55845
GBP/USD,20150101 22:25:05.813,1.5581,1.55842
GBP/USD,20150101 22:25:05.818,1.5581,1.55839
GBP/USD,20150101 22:25:06.027,1.5581,1.55841
GBP/USD,20150101 22:25:06.029,1.5581,1.55845
GBP/USD,20150101 22:25:06.050,1.5581,1.55842
GBP/USD,20150101 22:25:06.150,1.5581,1.55846
GBP/USD,20150101 22:25:06.157,1.55806,1.55846
GBP/USD,20150101 22:25:06.202,1.55806,1.55843
GBP/USD,20150101 22:25:06.205,1.55806,1.5584
GBP/USD,20150101 22:25:06.246,1.55806,1.55844
GBP/USD,20150101 22:25:06.249,1.55806,1.55847
GBP/USD,20150101 22:25:06.323,1.55809,1.55847
GBP/USD,20150101 22:25:06.481,1.55811,1.55847
GBP/USD,20150101 22:25:06.539,1.55811,1.55844
GBP/USD,20150101 22:25:06.542,1.55811,1.55848
GBP/USD,20150101 22:25:06.609,1.55811,1.55844
GBP/USD,20150101 22:25:06.667,1.55811,1.55848
GBP/USD,20150101 22:25:06.693,1.55811,1.55845
GBP/USD,20150101 22:25:06.698,1.55811,1.55842
GBP/USD,20150101 22:25:06.950,1.55811,1.55846
GBP/USD,20150101 22:25:06.979,1.55811,1.55843
GBP/USD,20150101 22:25:07.049,1.55811,1.55847
GBP/USD,20150101 22:25:07.080,1.55808,1.55847
GBP/USD,20150101 22:25:07.116,1.55808,1.55843
GBP/USD,20150101 22:25:07.167,1.55808,1.55844
GBP/USD,20150101 22:25:07.167,1.55806,1.55844
GBP/USD,20150101 22:25:07.170,1.55806,1.55847
GBP/USD,20150101 22:25:07.214,1.55806,1.55844
GBP/USD,20150101 22:25:07.270,1.55806,1.55847
GBP/USD,20150101 22:25:07.316,1.55806,1.55844
GBP/USD,20150101 22:25:07.368,1.55806,1.55847
GBP/USD,20150101 22:25:07.418,1.55806,1.55845
GBP/USD,20150101 22:25:07.419,1.55809,1.55845
GBP/USD,20150101 22:25:07.420,1.5581,1.55845
GBP/USD,20150101 22:25:07.510,1.55809,1.55845
GBP/USD,20150101 22:25:07.731,1.55809,1.55846
GBP/USD,20150101 22:25:07.753,1.55809,1.55843
GBP/USD,20150101 22:25:07.849,1.55809,1.55845
GBP/USD,20150101 22:25:07.900,1.55809,1.55843
GBP/USD,20150101 22:25:07.901,1.55809,1.5584
GBP/USD,20150101 22:25:07.948,1.55809,1.55843
GBP/USD,20150101 22:25:07.952,1.55809,1.55847
GBP/USD,20150101 22:25:07.952,1.55806,1.55847
GBP/USD,20150101 22:25:08.048,1.55806,1.55843
GBP/USD,20150101 22:25:08.051,1.55806,1.55847
GBP/USD,20150101 22:25:08.148,1.55806,1.55843
GBP/USD,20150101 22:25:08.151,1.55806,1.55847
GBP/USD,20150101 22:25:08.207,1.55806,1.55844
GBP/USD,20150101 22:25:08.251,1.55806,1.55847
GBP/USD,20150101 22:25:08.347,1.55806,1.55843
GBP/USD,20150101 22:25:08.480,1.55807,1.55843
GBP/USD,20150101 22:25:08.481,1.55806,1.55843
GBP/USD,20150101 22:25:08.503,1.55807,1.55843
GBP/USD,20150101 22:25:08.513,1.55804,1.55843
GBP/USD,20150101 22:25:08.569,1.55804,1.55841
GBP/USD,20150101 22:25:08.572,1.55804,1.55845
GBP/USD,20150101 22:25:08.592,1.55807,1.55845
GBP/USD,20150101 22:25:08.600,1.55807,1.55842
GBP/USD,20150101 22:25:08.662,1.55806,1.55842
GBP/USD,20150101 22:25:08.769,1.55806,1.55845
GBP/USD,20150101 22:25:08.949,1.55806,1.55846
GBP/USD,20150101 22:25:08.964,1.55812,1.55846
GBP/USD,20150101 22:25:09.023,1.55812,1.55842
GBP/USD,20150101 22:25:09.069,1.55812,1.55848
GBP/USD,20150101 22:25:09.169,1.55812,1.55846
GBP/USD,20150101 22:25:09.172,1.55812,1.55849
GBP/USD,20150101 22:25:09.227,1.55812,1.55843
GBP/USD,20150101 22:25:09.270,1.55812,1.5585
GBP/USD,20150101 22:25:09.304,1.55812,1.55847
GBP/USD,20150101 22:25:09.334,1.55806,1.55847
GBP/USD,20150101 22:25:09.451,1.55806,1.55846
GBP/USD,20150101 22:25:09.453,1.55806,1.5585
GBP/USD,20150101 22:25:09.493,1.55806,1.55846
GBP/USD,20150101 22:25:09.494,1.55811,1.55846
GBP/USD,20150101 22:25:09.506,1.5581,1.55846
GBP/USD,20150101 22:25:09.526,1.55806,1.55846
GBP/USD,20150101 22:25:09.551,1.55806,1.55845
GBP/USD,20150101 22:25:09.560,1.55806,1.55848
GBP/USD,20150101 22:25:09.669,1.55806,1.55846
GBP/USD,20150101 22:25:09.672,1.55806,1.5585
GBP/USD,20150101 22:25:09.704,1.55812,1.5585
GBP/USD,20150101 22:25:09.707,1.55812,1.55845
GBP/USD,20150101 22:25:10.425,1.55812,1.55852
GBP/USD,20150101 22:25:13.077,1.55813,1.55852
GBP/USD,20150101 22:25:14.082,1.55812,1.55852
GBP/USD,20150101 22:25:16.186,1.55812,1.55852
GBP/USD,20150101 22:25:16.557,1.55814,1.55852
GBP/USD,20150101 22:25:17.572,1.55812,1.55852
GBP/USD,20150101 22:25:17.575,1.55812,1.55853
GBP/USD,20150101 22:25:19.602,1.55813,1.55853
GBP/USD,20150101 22:25:21.707,1.55812,1.55853
GBP/USD,20150101 22:25:22.880,1.55817,1.55853
GBP/USD,20150101 22:25:22.883,1.55818,1.55853
GBP/USD,20150101 22:25:25.248,1.55818,1.55853
GBP/USD,20150101 22:25:27.228,1.55817,1.55853
GBP/USD,20150101 22:25:28.005,1.55811,1.55853
GBP/USD,20150101 22:25:28.008,1.55811,1.55852
GBP/USD,20150101 22:25:28.051,1.55818,1.55852
GBP/USD,20150101 22:25:33.439,1.55818,1.55853
GBP/USD,20150101 22:25:38.384,1.55819,1.55853
GBP/USD,20150101 22:25:51.180,1.55819,1.55853
GBP/USD,20150101 22:25:52.142,1.55818,1.55853
GBP/USD,20150101 22:25:52.187,1.55813,1.55853
GBP/USD,20150101 22:25:53.277,1.55812,1.55853
GBP/USD,20150101 22:25:54.282,1.55813,1.55853
GBP/USD,20150101 22:25:56.348,1.55816,1.55853
GBP/USD,20150101 22:25:56.544,1.55812,1.55853
GBP/USD,20150101 22:25:56.555,1.55818,1.55853
GBP/USD,20150101 22:25:56.596,1.55812,1.55853
GBP/USD,20150101 22:25:57.606,1.55813,1.55853
GBP/USD,20150101 22:25:58.859,1.55815,1.55853
GBP/USD,20150101 22:26:00.613,1.55812,1.55853
GBP/USD,20150101 22:26:00.618,1.55812,1.55852
GBP/USD,20150101 22:26:02.163,1.55812,1.55851
GBP/USD,20150101 22:26:02.164,1.55812,1.55843
GBP/USD,20150101 22:26:02.172,1.55814,1.55843
GBP/USD,20150101 22:26:02.210,1.55809,1.55843
GBP/USD,20150101 22:26:02.306,1.55803,1.55843
GBP/USD,20150101 22:26:02.420,1.55803,1.55844
GBP/USD,20150101 22:26:03.377,1.55806,1.55844
GBP/USD,20150101 22:26:04.427,1.55804,1.55844
GBP/USD,20150101 22:26:04.480,1.55809,1.55844
GBP/USD,20150101 22:26:07.516,1.55809,1.55847
GBP/USD,20150101 22:26:09.526,1.5581,1.55847
GBP/USD,20150101 22:26:10.533,1.55809,1.55847
GBP/USD,20150101 22:26:10.561,1.55814,1.55847
GBP/USD,20150101 22:26:14.006,1.55814,1.55849
GBP/USD,20150101 22:26:14.236,1.55811,1.55849
GBP/USD,20150101 22:26:22.240,1.55811,1.55848
GBP/USD,20150101 22:26:24.480,1.5581,1.55848
GBP/USD,20150101 22:26:26.035,1.55813,1.55848
GBP/USD,20150101 22:26:26.480,1.55812,1.55848
GBP/USD,20150101 22:26:31.779,1.55812,1.55849
GBP/USD,20150101 22:26:40.023,1.55815,1.55849
GBP/USD,20150101 22:26:41.279,1.55812,1.55849
GBP/USD,20150101 22:26:53.269,1.55808,1.55849
GBP/USD,20150101 22:26:53.881,1.55814,1.55849
GBP/USD,20150101 22:26:54.269,1.55814,1.5585
GBP/USD,20150101 22:26:56.778,1.55809,1.5585
GBP/USD,20150101 22:26:57.680,1.55814,1.5585
GBP/USD,20150101 22:27:00.395,1.55814,1.55852
GBP/USD,20150101 22:27:01.787,1.5582,1.55852
GBP/USD,20150101 22:27:01.806,1.55818,1.55852
GBP/USD,20150101 22:27:01.840,1.55819,1.55852
GBP/USD,20150101 22:27:01.841,1.55827,1.55852
GBP/USD,20150101 22:27:02.018,1.55827,1.55863
GBP/USD,20150101 22:27:03.931,1.55828,1.55863
GBP/USD,20150101 22:27:05.823,1.55829,1.55863
GBP/USD,20150101 22:27:06.827,1.55828,1.55863
GBP/USD,20150101 22:27:07.787,1.55827,1.55863
GBP/USD,20150101 22:27:07.885,1.55827,1.55862
GBP/USD,20150101 22:27:08.337,1.55809,1.55862
GBP/USD,20150101 22:27:08.338,1.5582,1.55862
GBP/USD,20150101 22:27:10.880,1.55821,1.55862
GBP/USD,20150101 22:27:13.930,1.55821,1.55853
GBP/USD,20150101 22:27:16.548,1.55815,1.55853
GBP/USD,20150101 22:27:17.481,1.55801,1.55853
GBP/USD,20150101 22:27:17.598,1.55804,1.55853
GBP/USD,20150101 22:27:17.806,1.5581,1.55853
GBP/USD,20150101 22:27:18.080,1.55815,1.55853
GBP/USD,20150101 22:27:19.880,1.55821,1.55853
GBP/USD,20150101 22:27:22.615,1.55815,1.55853
GBP/USD,20150101 22:27:23.079,1.55815,1.55841
GBP/USD,20150101 22:27:23.400,1.55811,1.55841
GBP/USD,20150101 22:27:23.430,1.55811,1.55852
GBP/USD,20150101 22:27:23.880,1.5582,1.55852
GBP/USD,20150101 22:27:28.909,1.55819,1.55852
GBP/USD,20150101 22:27:35.094,1.55819,1.55851
GBP/USD,20150101 22:27:35.127,1.55814,1.55851
GBP/USD,20150101 22:27:35.336,1.55814,1.55848
GBP/USD,20150101 22:27:35.337,1.55814,1.55837
GBP/USD,20150101 22:27:35.380,1.55802,1.55837
GBP/USD,20150101 22:27:35.468,1.55807,1.55837
GBP/USD,20150101 22:27:35.478,1.55805,1.55837
GBP/USD,20150101 22:27:35.679,1.55813,1.55837
GBP/USD,20150101 22:27:38.580,1.55812,1.55837
GBP/USD,20150101 22:27:40.011,1.55812,1.55848
GBP/USD,20150101 22:27:41.422,1.55808,1.55848
GBP/USD,20150101 22:27:42.207,1.55807,1.55848
GBP/USD,20150101 22:27:42.676,1.55799,1.55848
GBP/USD,20150101 22:27:42.680,1.55809,1.55848
GBP/USD,20150101 22:27:42.937,1.55801,1.55848
GBP/USD,20150101 22:27:43.212,1.55805,1.55848
GBP/USD,20150101 22:27:43.271,1.55801,1.55848
GBP/USD,20150101 22:27:43.322,1.55803,1.55848
GBP/USD,20150101 22:27:43.334,1.55801,1.55848
GBP/USD,20150101 22:27:43.422,1.55803,1.55848
GBP/USD,20150101 22:27:43.434,1.55801,1.55848
GBP/USD,20150101 22:27:43.462,1.55804,1.55848
GBP/USD,20150101 22:27:43.472,1.55803,1.55848
GBP/USD,20150101 22:27:43.474,1.55803,1.55847
GBP/USD,20150101 22:27:43.855,1.55799,1.55847
GBP/USD,20150101 22:27:43.944,1.55801,1.55847
GBP/USD,20150101 22:27:43.957,1.55799,1.55847
GBP/USD,20150101 22:27:43.974,1.55802,1.55847
GBP/USD,20150101 22:27:43.985,1.55801,1.55847
GBP/USD,20150101 22:27:44.083,1.55809,1.55847
GBP/USD,20150101 22:27:44.372,1.55803,1.55847
GBP/USD,20150101 22:27:44.439,1.55798,1.55847
GBP/USD,20150101 22:27:44.551,1.55802,1.55847
GBP/USD,20150101 22:27:44.601,1.55803,1.55847
GBP/USD,20150101 22:27:44.612,1.55797,1.55847
GBP/USD,20150101 22:27:44.703,1.55802,1.55847
GBP/USD,20150101 22:27:44.716,1.558,1.55847
GBP/USD,20150101 22:27:44.764,1.55796,1.55847
GBP/USD,20150101 22:27:44.797,1.558,1.55847
GBP/USD,20150101 22:27:44.809,1.55798,1.55847
GBP/USD,20150101 22:27:44.813,1.55807,1.55847
GBP/USD,20150101 22:27:45.437,1.5581,1.55847
GBP/USD,20150101 22:27:45.447,1.5581,1.55848
GBP/USD,20150101 22:27:45.698,1.55802,1.55848
GBP/USD,20150101 22:27:45.741,1.55798,1.55848
GBP/USD,20150101 22:27:45.751,1.55801,1.55848
GBP/USD,20150101 22:27:45.764,1.558,1.55848
GBP/USD,20150101 22:27:45.791,1.55801,1.55848
GBP/USD,20150101 22:27:45.805,1.558,1.55848
GBP/USD,20150101 22:27:45.872,1.55797,1.55848
GBP/USD,20150101 22:27:45.932,1.55802,1.55848
GBP/USD,20150101 22:27:45.942,1.558,1.55848
GBP/USD,20150101 22:27:46.176,1.55804,1.55848
GBP/USD,20150101 22:27:46.325,1.55802,1.55848
GBP/USD,20150101 22:27:46.333,1.558,1.55848
GBP/USD,20150101 22:27:46.355,1.55805,1.55848
GBP/USD,20150101 22:27:46.422,1.55806,1.55848
GBP/USD,20150101 22:27:46.431,1.55803,1.55848
GBP/USD,20150101 22:27:46.478,1.55806,1.55848
GBP/USD,20150101 22:27:46.492,1.55809,1.55848
GBP/USD,20150101 22:27:46.981,1.558,1.55848
GBP/USD,20150101 22:27:47.137,1.55804,1.55848
GBP/USD,20150101 22:27:47.148,1.55802,1.55848
GBP/USD,20150101 22:27:47.281,1.55809,1.55848
GBP/USD,20150101 22:27:47.629,1.55803,1.55848
GBP/USD,20150101 22:27:47.897,1.55804,1.55848
GBP/USD,20150101 22:27:47.940,1.5581,1.55848
GBP/USD,20150101 22:27:47.941,1.55804,1.55848
GBP/USD,20150101 22:27:47.962,1.55803,1.55848
GBP/USD,20150101 22:27:48.022,1.55798,1.55848
GBP/USD,20150101 22:27:48.083,1.55802,1.55848
GBP/USD,20150101 22:27:48.094,1.558,1.55848
GBP/USD,20150101 22:27:48.463,1.55803,1.55848
GBP/USD,20150101 22:27:48.542,1.55807,1.55848
GBP/USD,20150101 22:27:48.573,1.55809,1.55848
GBP/USD,20150101 22:27:48.585,1.55807,1.55848
GBP/USD,20150101 22:27:48.623,1.55807,1.55848
GBP/USD,20150101 22:27:49.401,1.55797,1.55848
GBP/USD,20150101 22:27:49.532,1.55805,1.55848
GBP/USD,20150101 22:27:49.544,1.55802,1.55848
GBP/USD,20150101 22:27:49.781,1.55807,1.55848
GBP/USD,20150101 22:27:49.782,1.55802,1.55848
GBP/USD,20150101 22:27:49.902,1.55798,1.55848
GBP/USD,20150101 22:27:50.285,1.55806,1.55848
GBP/USD,20150101 22:27:50.399,1.55809,1.55848
GBP/USD,20150101 22:27:50.547,1.55824,1.55848
GBP/USD,20150101 22:27:51.555,1.55826,1.55848
GBP/USD,20150101 22:27:53.568,1.55823,1.55848
GBP/USD,20150101 22:27:55.755,1.55823,1.55855
GBP/USD,20150101 22:27:56.590,1.55817,1.55855
GBP/USD,20150101 22:27:57.534,1.5582,1.55855
GBP/USD,20150101 22:27:57.611,1.55823,1.55855
GBP/USD,20150101 22:27:57.842,1.55827,1.55855
GBP/USD,20150101 22:27:58.080,1.55827,1.55866
GBP/USD,20150101 22:27:58.084,1.55835,1.55866
GBP/USD,20150101 22:28:01.346,1.55831,1.55866
GBP/USD,20150101 22:28:01.392,1.55829,1.55866
GBP/USD,20150101 22:28:03.047,1.55826,1.55866
GBP/USD,20150101 22:28:04.117,1.55828,1.55866
GBP/USD,20150101 22:28:04.230,1.55829,1.55866
GBP/USD,20150101 22:28:05.236,1.55827,1.55866
GBP/USD,20150101 22:28:05.657,1.55834,1.55866
GBP/USD,20150101 22:28:06.798,1.55827,1.55866
GBP/USD,20150101 22:28:07.112,1.55828,1.55866
GBP/USD,20150101 22:28:07.122,1.55827,1.55866
GBP/USD,20150101 22:28:08.042,1.55834,1.55866
GBP/USD,20150101 22:28:08.134,1.55834,1.55865
GBP/USD,20150101 22:28:11.243,1.55829,1.55865
GBP/USD,20150101 22:28:11.537,1.55827,1.55865
GBP/USD,20150101 22:28:14.589,1.55828,1.55865
GBP/USD,20150101 22:28:14.599,1.55827,1.55865
GBP/USD,20150101 22:28:15.059,1.55835,1.55865
GBP/USD,20150101 22:28:15.060,1.55827,1.55865
GBP/USD,20150101 22:28:15.094,1.55826,1.55865
GBP/USD,20150101 22:28:15.363,1.55827,1.55865
GBP/USD,20150101 22:28:15.417,1.55826,1.55865
GBP/USD,20150101 22:28:15.462,1.55827,1.55865
GBP/USD,20150101 22:28:15.474,1.55826,1.55865
GBP/USD,20150101 22:28:15.763,1.55834,1.55865
GBP/USD,20150101 22:28:16.402,1.55827,1.55865
GBP/USD,20150101 22:28:16.485,1.55828,1.55865
GBP/USD,20150101 22:28:16.496,1.55827,1.55865
GBP/USD,20150101 22:28:16.588,1.55828,1.55865
GBP/USD,20150101 22:28:16.599,1.55827,1.55865
GBP/USD,20150101 22:28:16.699,1.55827,1.55865
GBP/USD,20150101 22:28:17.053,1.55834,1.55865
GBP/USD,20150101 22:28:17.693,1.55827,1.55865
GBP/USD,20150101 22:28:17.748,1.55828,1.55865
GBP/USD,20150101 22:28:17.761,1.55827,1.55865
GBP/USD,20150101 22:28:17.862,1.55828,1.55865
GBP/USD,20150101 22:28:17.872,1.55827,1.55865
GBP/USD,20150101 22:28:19.876,1.55828,1.55865
GBP/USD,20150101 22:28:19.879,1.55828,1.5586
GBP/USD,20150101 22:28:20.023,1.55834,1.5586
GBP/USD,20150101 22:28:20.682,1.55833,1.5586
GBP/USD,20150101 22:28:21.937,1.55837,1.5586
GBP/USD,20150101 22:28:27.079,1.55841,1.5586
GBP/USD,20150101 22:28:27.456,1.55841,1.55867
GBP/USD,20150101 22:28:27.512,1.55829,1.55867
GBP/USD,20150101 22:28:27.996,1.5583,1.55867
GBP/USD,20150101 22:28:29.427,1.55832,1.55867
GBP/USD,20150101 22:28:30.862,1.55831,1.55867
GBP/USD,20150101 22:28:31.977,1.55832,1.55867
GBP/USD,20150101 22:28:32.001,1.55827,1.55867
GBP/USD,20150101 22:28:32.011,1.55832,1.55867
GBP/USD,20150101 22:28:33.470,1.55832,1.55869
GBP/USD,20150101 22:28:34.561,1.55833,1.55869
GBP/USD,20150101 22:28:36.534,1.55829,1.55869
GBP/USD,20150101 22:28:37.081,1.55836,1.55869
GBP/USD,20150101 22:28:38.011,1.5583,1.55869
GBP/USD,20150101 22:28:38.283,1.55837,1.55869
GBP/USD,20150101 22:28:40.320,1.55837,1.5587
GBP/USD,20150101 22:28:45.982,1.55838,1.5587
GBP/USD,20150101 22:28:45.987,1.55837,1.5587
GBP/USD,20150101 22:28:54.791,1.55837,1.55869
GBP/USD,20150101 22:28:54.792,1.55837,1.55865
GBP/USD,20150101 22:28:54.836,1.55835,1.55865
GBP/USD,20150101 22:28:58.620,1.55831,1.55865
GBP/USD,20150101 22:28:59.180,1.55837,1.55865
GBP/USD,20150101 22:29:00.017,1.55837,1.55867
GBP/USD,20150101 22:29:03.132,1.55838,1.55867
GBP/USD,20150101 22:29:03.137,1.55837,1.55867
GBP/USD,20150101 22:29:09.286,1.55836,1.55867
GBP/USD,20150101 22:29:09.732,1.55836,1.55864
GBP/USD,20150101 22:29:09.748,1.55836,1.55867
GBP/USD,20150101 22:29:19.325,1.55836,1.55868
GBP/USD,20150101 22:29:23.387,1.55838,1.55868
GBP/USD,20150101 22:29:23.536,1.55836,1.55868
GBP/USD,20150101 22:29:28.886,1.55837,1.55868
GBP/USD,20150101 22:29:28.891,1.55836,1.55868
GBP/USD,20150101 22:29:29.383,1.55837,1.55868
GBP/USD,20150101 22:29:35.646,1.55836,1.55868
GBP/USD,20150101 22:29:35.647,1.55841,1.55868
GBP/USD,20150101 22:29:38.798,1.55841,1.55874
GBP/USD,20150101 22:29:39.414,1.55841,1.55868
GBP/USD,20150101 22:29:39.427,1.55841,1.55872
GBP/USD,20150101 22:29:40.909,1.55841,1.55879
GBP/USD,20150101 22:29:40.921,1.55841,1.55875
GBP/USD,20150101 22:29:43.392,1.55841,1.55873
GBP/USD,20150101 22:29:43.419,1.55841,1.55867
GBP/USD,20150101 22:29:50.179,1.55841,1.55868
GBP/USD,20150101 22:29:55.880,1.55842,1.55868
GBP/USD,20150101 22:29:55.881,1.55841,1.55868
GBP/USD,20150101 22:30:00.642,1.55833,1.55868
GBP/USD,20150101 22:30:00.645,1.55841,1.55868
GBP/USD,20150101 22:30:01.044,1.55841,1.55866
GBP/USD,20150101 22:30:04.700,1.55841,1.55862
GBP/USD,20150101 22:30:14.039,1.55841,1.55861
GBP/USD,20150101 22:30:14.049,1.55838,1.55861
GBP/USD,20150101 22:30:15.075,1.55835,1.55861
GBP/USD,20150101 22:30:31.247,1.55835,1.55856
GBP/USD,20150101 22:30:36.516,1.55835,1.55855
GBP/USD,20150101 22:30:40.917,1.55835,1.5586
GBP/USD,20150101 22:30:53.986,1.55835,1.55853
GBP/USD,20150101 22:31:12.027,1.55839,1.55853
GBP/USD,20150101 22:31:14.914,1.55839,1.55858
GBP/USD,20150101 22:31:15.918,1.55836,1.55858
GBP/USD,20150101 22:31:18.792,1.55836,1.5587
GBP/USD,20150101 22:31:18.812,1.55836,1.55852
GBP/USD,20150101 22:31:31.007,1.55836,1.55853
GBP/USD,20150101 22:31:46.579,1.55835,1.55853
GBP/USD,20150101 22:31:46.585,1.55836,1.55853
GBP/USD,20150101 22:32:04.811,1.55836,1.55852
GBP/USD,20150101 22:32:12.643,1.55836,1.55853
GBP/USD,20150101 22:32:25.180,1.55835,1.55853
GBP/USD,20150101 22:32:31.911,1.55835,1.55859
GBP/USD,20150101 22:32:40.019,1.55835,1.55852
GBP/USD,20150101 22:33:17.858,1.55835,1.55851
GBP/USD,20150101 22:33:28.282,1.55834,1.55851
GBP/USD,20150101 22:33:34.913,1.55834,1.55853
GBP/USD,20150101 22:33:45.550,1.55828,1.55853
GBP/USD,20150101 22:33:45.553,1.55828,1.55847
GBP/USD,20150101 22:33:45.798,1.55829,1.55847
GBP/USD,20150101 22:34:15.384,1.55831,1.55847
GBP/USD,20150101 22:34:30.909,1.55831,1.55846
GBP/USD,20150101 22:34:38.796,1.55831,1.55853
GBP/USD,20150101 22:34:43.007,1.55831,1.55861
GBP/USD,20150101 22:34:47.971,1.55831,1.55853
GBP/USD,20150101 22:34:51.910,1.55831,1.55849
GBP/USD,20150101 22:34:51.922,1.55831,1.55845
GBP/USD,20150101 22:34:51.924,1.55831,1.55849
GBP/USD,20150101 22:34:53.913,1.55831,1.55848
GBP/USD,20150101 22:34:59.389,1.55831,1.5585
GBP/USD,20150101 22:35:05.788,1.55829,1.5585
GBP/USD,20150101 22:35:10.787,1.55829,1.55844
GBP/USD,20150101 22:35:28.794,1.55829,1.55853
GBP/USD,20150101 22:35:28.819,1.55829,1.55839
GBP/USD,20150101 22:35:31.040,1.55829,1.55845
GBP/USD,20150101 22:35:40.080,1.55831,1.55845
GBP/USD,20150101 22:35:47.322,1.55831,1.55844
GBP/USD,20150101 22:36:15.579,1.55834,1.55844
GBP/USD,20150101 22:36:15.583,1.55832,1.55844
GBP/USD,20150101 22:36:18.794,1.55832,1.55854
GBP/USD,20150101 22:36:19.538,1.55832,1.55853
GBP/USD,20150101 22:36:22.534,1.55832,1.55856
GBP/USD,20150101 22:36:22.542,1.5583,1.55856
GBP/USD,20150101 22:36:23.577,1.5583,1.55853
GBP/USD,20150101 22:36:23.633,1.5583,1.55855
GBP/USD,20150101 22:36:24.382,1.5583,1.55853
GBP/USD,20150101 22:36:26.534,1.5583,1.55855
GBP/USD,20150101 22:36:26.544,1.55832,1.55855
GBP/USD,20150101 22:36:28.241,1.55832,1.55853
GBP/USD,20150101 22:36:28.537,1.55832,1.55842
GBP/USD,20150101 22:36:36.680,1.5583,1.55842
GBP/USD,20150101 22:36:56.780,1.55833,1.55842
GBP/USD,20150101 22:36:58.881,1.55833,1.55843
GBP/USD,20150101 22:37:07.283,1.55832,1.55843
GBP/USD,20150101 22:37:08.791,1.55832,1.55844
GBP/USD,20150101 22:37:08.798,1.55831,1.55844
GBP/USD,20150101 22:37:10.046,1.55833,1.55844
GBP/USD,20150101 22:37:16.222,1.55833,1.55855
GBP/USD,20150101 22:37:16.543,1.55833,1.55853
GBP/USD,20150101 22:37:19.848,1.55833,1.55855
GBP/USD,20150101 22:37:20.852,1.55833,1.55856
GBP/USD,20150101 22:37:25.504,1.55833,1.55855
GBP/USD,20150101 22:37:29.852,1.55833,1.55857
GBP/USD,20150101 22:37:30.869,1.55833,1.55858
GBP/USD,20150101 22:37:31.982,1.55833,1.5586
GBP/USD,20150101 22:37:33.017,1.55833,1.55858
GBP/USD,20150101 22:37:34.612,1.55833,1.55856
GBP/USD,20150101 22:37:35.617,1.55833,1.55857
GBP/USD,20150101 22:37:41.642,1.55833,1.55858
GBP/USD,20150101 22:37:42.643,1.55833,1.55857
GBP/USD,20150101 22:37:43.418,1.55833,1.55845
GBP/USD,20150101 22:37:48.892,1.55833,1.55846
GBP/USD,20150101 22:38:04.005,1.55833,1.55845
GBP/USD,20150101 22:39:04.010,1.55833,1.55846
GBP/USD,20150101 22:39:38.793,1.55833,1.55859
GBP/USD,20150101 22:39:40.015,1.55833,1.5586
GBP/USD,20150101 22:39:40.429,1.55833,1.55859
GBP/USD,20150101 22:39:43.572,1.55833,1.5586
GBP/USD,20150101 22:39:44.412,1.55833,1.55859
GBP/USD,20150101 22:39:46.434,1.55833,1.55847
GBP/USD,20150101 22:40:14.898,1.55833,1.55846
GBP/USD,20150101 22:40:21.438,1.55833,1.55844
GBP/USD,20150101 22:40:24.181,1.55834,1.55844
GBP/USD,20150101 22:40:28.792,1.55834,1.55857
GBP/USD,20150101 22:40:28.809,1.55834,1.55843
GBP/USD,20150101 22:40:34.184,1.55833,1.55843
GBP/USD,20150101 22:40:34.982,1.55834,1.55843
GBP/USD,20150101 22:40:35.480,1.55831,1.55843
GBP/USD,20150101 22:40:37.561,1.55831,1.55842
GBP/USD,20150101 22:40:44.083,1.55831,1.55843
GBP/USD,20150101 22:40:49.373,1.55831,1.55844
GBP/USD,20150101 22:41:14.601,1.55831,1.55855
GBP/USD,20150101 22:41:19.299,1.55828,1.55851
GBP/USD,20150101 22:41:28.794,1.55828,1.55842
GBP/USD,20150101 22:41:37.812,1.55828,1.55843
GBP/USD,20150101 22:41:37.883,1.55827,1.55843
GBP/USD,20150101 22:42:22.107,1.55827,1.55844
GBP/USD,20150101 22:42:47.281,1.55828,1.55844
GBP/USD,20150101 22:42:52.881,1.5583,1.55844
GBP/USD,20150101 22:42:54.787,1.5583,1.55843
GBP/USD,20150101 22:43:03.047,1.55829,1.55843
GBP/USD,20150101 22:43:08.513,1.55829,1.55844
GBP/USD,20150101 22:43:24.610,1.55829,1.55846
GBP/USD,20150101 22:43:27.685,1.55828,1.55846
GBP/USD,20150101 22:43:37.985,1.55828,1.55854
GBP/USD,20150101 22:43:55.469,1.55828,1.55846
GBP/USD,20150101 22:44:01.088,1.55828,1.55845
GBP/USD,20150101 22:44:22.511,1.55828,1.55846
GBP/USD,20150101 22:44:23.485,1.55828,1.55854
GBP/USD,20150101 22:44:28.791,1.55828,1.55845
GBP/USD,20150101 22:44:34.736,1.55828,1.55854
GBP/USD,20150101 22:44:37.557,1.55828,1.55853
GBP/USD,20150101 22:44:37.559,1.55828,1.55854
GBP/USD,20150101 22:44:37.580,1.55829,1.55852
GBP/USD,20150101 22:44:49.810,1.55829,1.55845
GBP/USD,20150101 22:45:23.486,1.55829,1.55852
GBP/USD,20150101 22:45:33.959,1.55829,1.55846
GBP/USD,20150101 22:45:33.963,1.55829,1.55852
GBP/USD,20150101 22:45:33.985,1.55829,1.5585
GBP/USD,20150101 22:45:34.044,1.55829,1.55852
GBP/USD,20150101 22:45:38.543,1.5583,1.55853
GBP/USD,20150101 22:45:38.797,1.5583,1.5585
GBP/USD,20150101 22:45:38.980,1.55823,1.5585
GBP/USD,20150101 22:45:40.046,1.55823,1.55851
GBP/USD,20150101 22:45:42.182,1.55816,1.55854
GBP/USD,20150101 22:45:44.802,1.55814,1.55852
GBP/USD,20150101 22:45:45.808,1.55815,1.55853
GBP/USD,20150101 22:45:48.815,1.55814,1.55852
GBP/USD,20150101 22:45:50.202,1.55814,1.55843
GBP/USD,20150101 22:45:50.203,1.55814,1.55841
GBP/USD,20150101 22:45:56.306,1.55814,1.55842
GBP/USD,20150101 22:45:58.855,1.55813,1.55842
GBP/USD,20150101 22:46:02.278,1.55813,1.55841
GBP/USD,20150101 22:46:03.876,1.55814,1.55841
GBP/USD,20150101 22:46:05.836,1.55812,1.55841
GBP/USD,20150101 22:46:08.632,1.55817,1.55841
GBP/USD,20150101 22:46:08.634,1.5581,1.55841
GBP/USD,20150101 22:46:08.655,1.55812,1.55841
GBP/USD,20150101 22:46:14.166,1.55813,1.55841
GBP/USD,20150101 22:46:15.661,1.55812,1.55841
GBP/USD,20150101 22:46:23.494,1.55817,1.55841
GBP/USD,20150101 22:46:23.497,1.5581,1.55841
GBP/USD,20150101 22:46:23.516,1.55812,1.55841
GBP/USD,20150101 22:46:27.508,1.55811,1.55841
GBP/USD,20150101 22:46:27.606,1.55811,1.5584
GBP/USD,20150101 22:46:28.512,1.55812,1.5584
GBP/USD,20150101 22:46:32.711,1.55816,1.5584
GBP/USD,20150101 22:46:32.714,1.5581,1.5584
GBP/USD,20150101 22:46:32.736,1.55812,1.5584
GBP/USD,20150101 22:46:37.042,1.55812,1.55841
GBP/USD,20150101 22:46:37.163,1.5581,1.55841
GBP/USD,20150101 22:46:37.181,1.55809,1.55841
GBP/USD,20150101 22:46:38.247,1.55807,1.55841
GBP/USD,20150101 22:46:40.186,1.55805,1.55841
GBP/USD,20150101 22:46:41.187,1.55805,1.55841
GBP/USD,20150101 22:46:42.785,1.55803,1.55841
GBP/USD,20150101 22:46:43.085,1.55803,1.55835
GBP/USD,20150101 22:46:43.089,1.558,1.55835
GBP/USD,20150101 22:46:43.147,1.558,1.55835
GBP/USD,20150101 22:46:43.207,1.558,1.55832
GBP/USD,20150101 22:46:43.254,1.558,1.55829
GBP/USD,20150101 22:46:53.382,1.55797,1.55829
GBP/USD,20150101 22:46:55.413,1.55797,1.55825
GBP/USD,20150101 22:46:55.761,1.55796,1.55825
GBP/USD,20150101 22:46:56.756,1.55798,1.55825
GBP/USD,20150101 22:47:00.779,1.55798,1.55828
GBP/USD,20150101 22:47:04.789,1.55797,1.55828
GBP/USD,20150101 22:47:07.133,1.55805,1.55828
GBP/USD,20150101 22:47:07.143,1.55805,1.55829
GBP/USD,20150101 22:47:07.341,1.55803,1.55829
GBP/USD,20150101 22:47:08.507,1.55802,1.55829
GBP/USD,20150101 22:47:09.217,1.55799,1.55829
GBP/USD,20150101 22:47:09.645,1.55795,1.55829
GBP/USD,20150101 22:47:09.677,1.55795,1.55829
GBP/USD,20150101 22:47:09.937,1.55794,1.55829
GBP/USD,20150101 22:47:10.304,1.55794,1.55823
GBP/USD,20150101 22:47:10.327,1.55791,1.55823
GBP/USD,20150101 22:47:17.130,1.55791,1.55824
GBP/USD,20150101 22:47:22.952,1.55791,1.55822
GBP/USD,20150101 22:47:28.271,1.55791,1.55831
GBP/USD,20150101 22:47:28.559,1.55795,1.55832
GBP/USD,20150101 22:47:39.769,1.55795,1.55831
GBP/USD,20150101 22:47:40.773,1.55795,1.55832
GBP/USD,20150101 22:47:41.777,1.55795,1.5583
GBP/USD,20150101 22:47:42.781,1.55795,1.55832
GBP/USD,20150101 22:47:43.283,1.55795,1.55831
GBP/USD,20150101 22:47:43.419,1.55795,1.55823
GBP/USD,20150101 22:47:48.177,1.55792,1.55823
GBP/USD,20150101 22:47:48.389,1.55793,1.55823
GBP/USD,20150101 22:47:48.887,1.55792,1.55823
GBP/USD,20150101 22:47:49.830,1.55791,1.55823
GBP/USD,20150101 22:47:54.151,1.55791,1.5582
GBP/USD,20150101 22:47:55.129,1.55796,1.5582
GBP/USD,20150101 22:47:55.132,1.55791,1.5582
GBP/USD,20150101 22:47:57.204,1.55795,1.5582
GBP/USD,20150101 22:47:57.207,1.55791,1.5582
GBP/USD,20150101 22:47:59.209,1.55791,1.55821
GBP/USD,20150101 22:48:00.080,1.55791,1.55821
GBP/USD,20150101 22:48:01.390,1.5579,1.55821
GBP/USD,20150101 22:48:04.459,1.55794,1.55821
GBP/USD,20150101 22:48:04.669,1.55794,1.55822
GBP/USD,20150101 22:48:06.458,1.5579,1.55822
GBP/USD,20150101 22:48:17.502,1.55791,1.55822
GBP/USD,20150101 22:48:19.366,1.5579,1.55822
GBP/USD,20150101 22:48:19.565,1.55794,1.55822
GBP/USD,20150101 22:48:19.883,1.5579,1.55822
GBP/USD,20150101 22:48:21.891,1.55791,1.55822
GBP/USD,20150101 22:48:26.128,1.55791,1.55829
GBP/USD,20150101 22:48:30.872,1.55789,1.55826
GBP/USD,20150101 22:48:30.979,1.5579,1.55826
GBP/USD,20150101 22:48:30.980,1.55791,1.55826
GBP/USD,20150101 22:48:31.878,1.55791,1.55828
GBP/USD,20150101 22:48:33.871,1.55791,1.55829
GBP/USD,20150101 22:48:34.869,1.55791,1.55826
GBP/USD,20150101 22:48:35.871,1.55791,1.55827
GBP/USD,20150101 22:48:36.872,1.55791,1.55828
GBP/USD,20150101 22:48:38.878,1.55791,1.55829
GBP/USD,20150101 22:48:48.921,1.55791,1.55828
GBP/USD,20150101 22:48:50.826,1.55791,1.55827
GBP/USD,20150101 22:48:50.883,1.55791,1.55822
GBP/USD,20150101 22:49:04.906,1.55792,1.55822
GBP/USD,20150101 22:49:12.531,1.55792,1.55821
GBP/USD,20150101 22:49:14.012,1.55792,1.55821
GBP/USD,20150101 22:49:23.184,1.55791,1.55821
GBP/USD,20150101 22:49:28.795,1.55791,1.55828
GBP/USD,20150101 22:49:28.851,1.55791,1.55827
GBP/USD,20150101 22:49:30.231,1.55791,1.55826
GBP/USD,20150101 22:49:31.225,1.55796,1.55829
GBP/USD,20150101 22:49:31.387,1.55791,1.55828
GBP/USD,20150101 22:49:32.391,1.55791,1.55827
GBP/USD,20150101 22:49:34.397,1.55791,1.55826
GBP/USD,20150101 22:49:35.402,1.55791,1.55827
GBP/USD,20150101 22:49:37.413,1.55791,1.55828
GBP/USD,20150101 22:49:38.761,1.55791,1.55821
GBP/USD,20150101 22:49:43.781,1.55792,1.55821
GBP/USD,20150101 22:49:49.953,1.55792,1.5582
GBP/USD,20150101 22:49:55.899,1.55797,1.5582
GBP/USD,20150101 22:49:55.907,1.55797,1.55821
GBP/USD,20150101 22:49:57.877,1.55796,1.55821
GBP/USD,20150101 22:49:57.929,1.55792,1.55821
GBP/USD,20150101 22:50:01.903,1.55792,1.5582
GBP/USD,20150101 22:50:04.282,1.5579,1.5582
GBP/USD,20150101 22:50:04.316,1.55791,1.5582
GBP/USD,20150101 22:50:07.897,1.55791,1.55821
GBP/USD,20150101 22:50:12.834,1.5579,1.55821
GBP/USD,20150101 22:50:12.918,1.5579,1.5582
GBP/USD,20150101 22:50:20.561,1.5579,1.55825
GBP/USD,20150101 22:50:23.868,1.55793,1.55825
GBP/USD,20150101 22:50:23.888,1.55797,1.55825
GBP/USD,20150101 22:50:25.397,1.55796,1.55825
GBP/USD,20150101 22:50:25.867,1.5579,1.55825
GBP/USD,20150101 22:50:29.887,1.55791,1.55825
GBP/USD,20150101 22:50:30.810,1.55797,1.55825
GBP/USD,20150101 22:50:32.421,1.55796,1.55825
GBP/USD,20150101 22:50:32.501,1.5579,1.55825
GBP/USD,20150101 22:50:43.420,1.5579,1.5582
GBP/USD,20150101 22:50:48.521,1.5579,1.55821
GBP/USD,20150101 22:50:50.871,1.55791,1.55821
GBP/USD,20150101 22:50:53.882,1.5579,1.55821
GBP/USD,20150101 22:50:55.219,1.55797,1.55821
GBP/USD,20150101 22:50:55.251,1.55797,1.55822
GBP/USD,20150101 22:50:57.217,1.55796,1.55822
GBP/USD,20150101 22:50:57.218,1.5579,1.55822
GBP/USD,20150101 22:51:00.013,1.55795,1.55822
GBP/USD,20150101 22:51:00.157,1.5579,1.55822
GBP/USD,20150101 22:51:00.273,1.5579,1.5582
GBP/USD,20150101 22:51:01.162,1.5579,1.5582
GBP/USD,20150101 22:51:06.255,1.5579,1.55821
GBP/USD,20150101 22:51:10.708,1.55793,1.55821
GBP/USD,20150101 22:51:10.794,1.5579,1.55821
GBP/USD,20150101 22:51:11.982,1.55794,1.55821
GBP/USD,20150101 22:51:12.066,1.5579,1.55821
GBP/USD,20150101 22:51:12.383,1.55794,1.55821
GBP/USD,20150101 22:51:12.467,1.5579,1.55821
GBP/USD,20150101 22:51:12.637,1.55794,1.55821
GBP/USD,20150101 22:51:12.888,1.5579,1.55821
GBP/USD,20150101 22:51:17.046,1.5579,1.5582
GBP/USD,20150101 22:51:18.984,1.55796,1.5582
GBP/USD,20150101 22:51:20.632,1.55794,1.5582
GBP/USD,20150101 22:51:20.982,1.5579,1.5582
GBP/USD,20150101 22:51:27.132,1.55794,1.5582
GBP/USD,20150101 22:51:30.767,1.55792,1.5582
GBP/USD,20150101 22:51:31.206,1.5579,1.5582
GBP/USD,20150101 22:51:37.379,1.55791,1.5582
GBP/USD,20150101 22:51:38.793,1.55791,1.55824
GBP/USD,20150101 22:51:41.788,1.55793,1.55824
GBP/USD,20150101 22:51:43.780,1.55791,1.55824
GBP/USD,20150101 22:51:48.479,1.55793,1.55824
GBP/USD,20150101 22:51:48.480,1.55793,1.55821
GBP/USD,20150101 22:51:51.137,1.55791,1.55821
GBP/USD,20150101 22:51:52.231,1.55792,1.55821
GBP/USD,20150101 22:51:52.233,1.55791,1.55821
GBP/USD,20150101 22:51:54.018,1.55791,1.55819
GBP/USD,20150101 22:51:54.019,1.55791,1.55818
GBP/USD,20150101 22:51:55.980,1.5579,1.55818
GBP/USD,20150101 22:51:55.981,1.55791,1.55818
GBP/USD,20150101 22:52:00.087,1.55791,1.55819
GBP/USD,20150101 22:52:05.151,1.55791,1.5582
GBP/USD,20150101 22:52:06.087,1.55794,1.5582
GBP/USD,20150101 22:52:08.085,1.55791,1.5582
GBP/USD,20150101 22:52:10.665,1.5579,1.5582
GBP/USD,20150101 22:52:10.667,1.55789,1.5582
GBP/USD,20150101 22:52:10.785,1.55796,1.5582
GBP/USD,20150101 22:52:10.791,1.55796,1.55821
GBP/USD,20150101 22:52:11.898,1.55793,1.55821
GBP/USD,20150101 22:52:12.921,1.55792,1.55821
GBP/USD,20150101 22:52:14.300,1.55789,1.55821
GBP/USD,20150101 22:52:15.301,1.5579,1.55821
GBP/USD,20150101 22:52:17.311,1.55791,1.55821
GBP/USD,20150101 22:52:18.977,1.55788,1.55821
GBP/USD,20150101 22:52:18.989,1.55788,1.5582
GBP/USD,20150101 22:52:20.596,1.55789,1.5582
GBP/USD,20150101 22:52:21.597,1.5579,1.5582
GBP/USD,20150101 22:52:24.608,1.55791,1.5582
GBP/USD,20150101 22:52:27.011,1.55792,1.5582
GBP/USD,20150101 22:52:27.169,1.55792,1.55822
GBP/USD,20150101 22:52:28.800,1.55792,1.55823
GBP/USD,20150101 22:52:29.939,1.55789,1.55823
GBP/USD,20150101 22:52:30.941,1.5579,1.55823
GBP/USD,20150101 22:52:31.942,1.55791,1.55823
GBP/USD,20150101 22:52:34.956,1.55792,1.55823
GBP/USD,20150101 22:52:37.567,1.55791,1.55823
GBP/USD,20150101 22:52:37.599,1.55789,1.55823
GBP/USD,20150101 22:52:39.607,1.5579,1.55823
GBP/USD,20150101 22:52:41.322,1.55788,1.55823
GBP/USD,20150101 22:52:42.326,1.55789,1.55823
GBP/USD,20150101 22:52:43.331,1.5579,1.55823
GBP/USD,20150101 22:52:44.547,1.55789,1.55823
GBP/USD,20150101 22:52:45.571,1.55791,1.55823
GBP/USD,20150101 22:52:46.635,1.55789,1.55823
GBP/USD,20150101 22:52:50.012,1.55786,1.55823
GBP/USD,20150101 22:52:50.681,1.55786,1.5582
GBP/USD,20150101 22:52:52.037,1.55788,1.5582
GBP/USD,20150101 22:52:54.056,1.5579,1.5582
GBP/USD,20150101 22:52:55.848,1.55786,1.5582
GBP/USD,20150101 22:52:56.535,1.55789,1.5582
GBP/USD,20150101 22:52:56.542,1.55789,1.55818
GBP/USD,20150101 22:52:59.007,1.55787,1.55818
GBP/USD,20150101 22:53:02.634,1.55786,1.55818
GBP/USD,20150101 22:53:02.662,1.55788,1.55818
GBP/USD,20150101 22:53:03.667,1.55789,1.55818
GBP/USD,20150101 22:53:04.672,1.55788,1.55818
GBP/USD,20150101 22:53:05.848,1.55786,1.55818
GBP/USD,20150101 22:53:07.797,1.55787,1.55818
GBP/USD,20150101 22:53:09.308,1.5579,1.55818
GBP/USD,20150101 22:53:09.462,1.5579,1.55819
GBP/USD,20150101 22:53:10.308,1.55787,1.55819
GBP/USD,20150101 22:53:10.352,1.5579,1.55819
GBP/USD,20150101 22:53:11.784,1.55792,1.55819
GBP/USD,20150101 22:53:11.785,1.55786,1.55819
GBP/USD,20150101 22:53:11.812,1.55786,1.55814
GBP/USD,20150101 22:53:11.818,1.55786,1.55807
GBP/USD,20150101 22:53:11.828,1.55786,1.55799
GBP/USD,20150101 22:53:11.836,1.55786,1.55807
GBP/USD,20150101 22:53:11.857,1.55786,1.55799
GBP/USD,20150101 22:53:11.878,1.55782,1.55799
GBP/USD,20150101 22:53:11.886,1.55782,1.55807
GBP/USD,20150101 22:53:11.906,1.55782,1.55796
GBP/USD,20150101 22:53:11.949,1.55782,1.55795
GBP/USD,20150101 22:53:11.949,1.55782,1.55793
GBP/USD,20150101 22:53:12.035,1.55782,1.55788
GBP/USD,20150101 22:53:12.049,1.55782,1.55794
GBP/USD,20150101 22:53:12.182,1.55744,1.55794
GBP/USD,20150101 22:53:12.197,1.55744,1.55786
GBP/USD,20150101 22:53:12.202,1.55744,1.55795
GBP/USD,20150101 22:53:12.221,1.55744,1.55791
GBP/USD,20150101 22:53:12.779,1.55751,1.55791
GBP/USD,20150101 22:53:12.780,1.55757,1.55791
GBP/USD,20150101 22:53:12.813,1.55757,1.55797
GBP/USD,20150101 22:53:13.067,1.55757,1.55794
GBP/USD,20150101 22:53:13.070,1.55757,1.55797
GBP/USD,20150101 22:53:13.334,1.55763,1.55799
GBP/USD,20150101 22:53:14.863,1.55765,1.55799
GBP/USD,20150101 22:53:15.202,1.55768,1.55799
GBP/USD,20150101 22:53:16.534,1.5577,1.55799
GBP/USD,20150101 22:53:16.820,1.55772,1.55799
GBP/USD,20150101 22:53:17.821,1.55773,1.55799
GBP/USD,20150101 22:53:20.137,1.55773,1.558
GBP/USD,20150101 22:53:20.141,1.55776,1.558
GBP/USD,20150101 22:53:20.382,1.55776,1.55808
GBP/USD,20150101 22:53:20.502,1.55779,1.55808
GBP/USD,20150101 22:53:21.506,1.5578,1.55808
GBP/USD,20150101 22:53:21.512,1.5578,1.55809
GBP/USD,20150101 22:53:21.808,1.55767,1.55809
GBP/USD,20150101 22:53:21.834,1.55751,1.55797
GBP/USD,20150101 22:53:21.848,1.55742,1.55797
GBP/USD,20150101 22:53:21.858,1.55777,1.55797
GBP/USD,20150101 22:53:22.056,1.55743,1.55797
GBP/USD,20150101 22:53:22.067,1.55747,1.55797
GBP/USD,20150101 22:53:22.090,1.55772,1.55797
GBP/USD,20150101 22:53:22.097,1.55765,1.55797
GBP/USD,20150101 22:53:22.107,1.55742,1.55797
GBP/USD,20150101 22:53:22.129,1.55768,1.55797
GBP/USD,20150101 22:53:22.133,1.55768,1.55796
GBP/USD,20150101 22:53:22.552,1.55766,1.55796
GBP/USD,20150101 22:53:22.564,1.55752,1.55796
GBP/USD,20150101 22:53:22.574,1.55763,1.55796
GBP/USD,20150101 22:53:22.592,1.55763,1.55794
GBP/USD,20150101 22:53:22.593,1.55763,1.55787
GBP/USD,20150101 22:53:22.607,1.55752,1.55787
GBP/USD,20150101 22:53:22.613,1.55752,1.5579
GBP/USD,20150101 22:53:22.616,1.55761,1.5579
GBP/USD,20150101 22:53:22.622,1.55761,1.55789
GBP/USD,20150101 22:53:22.638,1.55759,1.55789
GBP/USD,20150101 22:53:22.744,1.55752,1.55789
GBP/USD,20150101 22:53:22.784,1.55746,1.55789
GBP/USD,20150101 22:53:22.919,1.55756,1.55789
GBP/USD,20150101 22:53:22.942,1.55756,1.55779
GBP/USD,20150101 22:53:22.961,1.55754,1.55779
GBP/USD,20150101 22:53:22.972,1.55756,1.55779
GBP/USD,20150101 22:53:23.050,1.55753,1.55779
GBP/USD,20150101 22:53:23.053,1.55745,1.55779
GBP/USD,20150101 22:53:23.072,1.55752,1.55779
GBP/USD,20150101 22:53:23.073,1.55726,1.55779
GBP/USD,20150101 22:53:23.082,1.55725,1.55779
GBP/USD,20150101 22:53:23.083,1.55725,1.55778
GBP/USD,20150101 22:53:23.093,1.55749,1.55778
GBP/USD,20150101 22:53:23.123,1.55725,1.55778
GBP/USD,20150101 22:53:23.127,1.55731,1.55778
GBP/USD,20150101 22:53:23.128,1.55719,1.55778
GBP/USD,20150101 22:53:23.133,1.55726,1.55778
GBP/USD,20150101 22:53:23.168,1.55726,1.55779
GBP/USD,20150101 22:53:23.547,1.55749,1.55779
GBP/USD,20150101 22:53:23.548,1.55749,1.55774
GBP/USD,20150101 22:53:23.550,1.55749,1.55766
GBP/USD,20150101 22:53:23.553,1.5574,1.55766
GBP/USD,20150101 22:53:23.563,1.55721,1.55766
GBP/USD,20150101 22:53:23.584,1.55751,1.55766
GBP/USD,20150101 22:53:23.598,1.55748,1.55766
GBP/USD,20150101 22:53:23.614,1.55721,1.55766
GBP/USD,20150101 22:53:23.625,1.55723,1.55766
GBP/USD,20150101 22:53:23.669,1.55744,1.55766
GBP/USD,20150101 22:53:23.769,1.55744,1.55776
GBP/USD,20150101 22:53:24.044,1.55744,1.55772
GBP/USD,20150101 22:53:24.050,1.55742,1.55772
GBP/USD,20150101 22:53:24.057,1.5573,1.55772
GBP/USD,20150101 22:53:24.064,1.5573,1.55765
GBP/USD,20150101 22:53:24.102,1.55741,1.55765
GBP/USD,20150101 22:53:24.107,1.55741,1.55767
GBP/USD,20150101 22:53:24.108,1.5573,1.55767
GBP/USD,20150101 22:53:24.109,1.55705,1.55753
GBP/USD,20150101 22:53:24.129,1.55739,1.55753
GBP/USD,20150101 22:53:24.156,1.55737,1.55753
GBP/USD,20150101 22:53:24.158,1.55705,1.55753
GBP/USD,20150101 22:53:24.178,1.55731,1.55753
GBP/USD,20150101 22:53:24.206,1.55732,1.55753
GBP/USD,20150101 22:53:24.208,1.55705,1.55753
GBP/USD,20150101 22:53:24.228,1.55713,1.55753
GBP/USD,20150101 22:53:24.266,1.55723,1.55753
GBP/USD,20150101 22:53:24.315,1.55723,1.55764
GBP/USD,20150101 22:53:24.381,1.55718,1.55764
GBP/USD,20150101 22:53:24.404,1.55723,1.55764
GBP/USD,20150101 22:53:24.534,1.55713,1.55764
GBP/USD,20150101 22:53:24.588,1.55713,1.5576
GBP/USD,20150101 22:53:24.626,1.55713,1.5575
GBP/USD,20150101 22:53:24.638,1.55713,1.55754
GBP/USD,20150101 22:53:24.663,1.55713,1.5577
GBP/USD,20150101 22:53:25.743,1.55705,1.55762
GBP/USD,20150101 22:53:25.746,1.55707,1.55764
GBP/USD,20150101 22:53:25.784,1.55708,1.55764
GBP/USD,20150101 22:53:25.786,1.55713,1.55764
GBP/USD,20150101 22:53:25.787,1.55736,1.55764
GBP/USD,20150101 22:53:25.790,1.5574,1.55764
GBP/USD,20150101 22:53:25.793,1.55749,1.55764
GBP/USD,20150101 22:53:25.797,1.55749,1.55802
GBP/USD,20150101 22:53:25.798,1.55755,1.55802
GBP/USD,20150101 22:53:25.799,1.55762,1.55802
GBP/USD,20150101 22:53:25.807,1.55762,1.55804
GBP/USD,20150101 22:53:25.811,1.55762,1.55817
GBP/USD,20150101 22:53:25.831,1.55768,1.55817
GBP/USD,20150101 22:53:25.857,1.55785,1.55817
GBP/USD,20150101 22:53:25.892,1.55786,1.55817
GBP/USD,20150101 22:53:25.893,1.55785,1.55817
GBP/USD,20150101 22:53:25.897,1.55785,1.55822
GBP/USD,20150101 22:53:25.952,1.55788,1.55822
GBP/USD,20150101 22:53:25.982,1.55785,1.55822
GBP/USD,20150101 22:53:26.058,1.55781,1.55819
GBP/USD,20150101 22:53:26.512,1.55778,1.55816
GBP/USD,20150101 22:53:26.780,1.55778,1.55812
GBP/USD,20150101 22:53:26.781,1.55778,1.55807
GBP/USD,20150101 22:53:26.977,1.55776,1.55807
GBP/USD,20150101 22:53:27.304,1.55779,1.55807
GBP/USD,20150101 22:53:27.322,1.55782,1.55807
GBP/USD,20150101 22:53:27.377,1.55779,1.55807
GBP/USD,20150101 22:53:27.378,1.55772,1.55807
GBP/USD,20150101 22:53:27.398,1.55776,1.55807
GBP/USD,20150101 22:53:27.961,1.55776,1.55804
GBP/USD,20150101 22:53:27.965,1.55773,1.55804
GBP/USD,20150101 22:53:28.378,1.55775,1.55804
GBP/USD,20150101 22:53:29.381,1.55776,1.55804
GBP/USD,20150101 22:53:29.395,1.55776,1.55814
GBP/USD,20150101 22:53:30.534,1.55769,1.55807
GBP/USD,20150101 22:53:30.541,1.55764,1.55807
GBP/USD,20150101 22:53:30.544,1.55764,1.55792
GBP/USD,20150101 22:53:30.556,1.55764,1.55813
GBP/USD,20150101 22:53:30.577,1.55764,1.55792
GBP/USD,20150101 22:53:30.607,1.55764,1.55797
GBP/USD,20150101 22:53:30.617,1.55764,1.5579
GBP/USD,20150101 22:53:30.627,1.55764,1.55798
GBP/USD,20150101 22:53:30.670,1.55752,1.55798
GBP/USD,20150101 22:53:30.672,1.55752,1.55792
GBP/USD,20150101 22:53:30.697,1.55751,1.55792
GBP/USD,20150101 22:53:30.698,1.55751,1.55798
GBP/USD,20150101 22:53:30.708,1.55751,1.55795
GBP/USD,20150101 22:53:30.743,1.5575,1.55795
GBP/USD,20150101 22:53:30.757,1.5575,1.55799
GBP/USD,20150101 22:53:30.765,1.55749,1.55799
GBP/USD,20150101 22:53:30.769,1.55749,1.55792
GBP/USD,20150101 22:53:30.807,1.55749,1.5579
GBP/USD,20150101 22:53:30.829,1.55749,1.55797
GBP/USD,20150101 22:53:30.839,1.55749,1.55789
GBP/USD,20150101 22:53:30.869,1.55747,1.55789
GBP/USD,20150101 22:53:30.875,1.55746,1.55789
GBP/USD,20150101 22:53:30.878,1.55746,1.55795
GBP/USD,20150101 22:53:30.919,1.55746,1.55794
GBP/USD,20150101 22:53:30.921,1.55745,1.55794
GBP/USD,20150101 22:53:30.929,1.55745,1.55787
GBP/USD,20150101 22:53:30.939,1.55745,1.55799
GBP/USD,20150101 22:53:30.960,1.55745,1.55789
GBP/USD,20150101 22:53:30.988,1.55745,1.5579
GBP/USD,20150101 22:53:31.007,1.55745,1.55799
GBP/USD,20150101 22:53:31.029,1.55745,1.55789
GBP/USD,20150101 22:53:31.060,1.55745,1.55786
GBP/USD,20150101 22:53:31.079,1.55745,1.55783
GBP/USD,20150101 22:53:31.689,1.55744,1.55783
GBP/USD,20150101 22:53:32.054,1.55749,1.55783
GBP/USD,20150101 22:53:32.073,1.55745,1.55783
GBP/USD,20150101 22:53:32.123,1.55747,1.55783
GBP/USD,20150101 22:53:32.139,1.55742,1.55783
GBP/USD,20150101 22:53:32.175,1.55744,1.5579
GBP/USD,20150101 22:53:32.558,1.55747,1.5579
GBP/USD,20150101 22:53:32.582,1.55748,1.55782
GBP/USD,20150101 22:53:32.758,1.55749,1.55782
GBP/USD,20150101 22:53:33.058,1.55748,1.55782
GBP/USD,20150101 22:53:33.249,1.55748,1.55788
GBP/USD,20150101 22:53:33.250,1.55747,1.55783
GBP/USD,20150101 22:53:33.302,1.55745,1.55783
GBP/USD,20150101 22:53:33.556,1.55748,1.55783
GBP/USD,20150101 22:53:33.574,1.55746,1.55783
GBP/USD,20150101 22:53:33.579,1.55749,1.55783
GBP/USD,20150101 22:53:33.587,1.55746,1.55783
GBP/USD,20150101 22:53:33.607,1.55748,1.55782
GBP/USD,20150101 22:53:33.678,1.55749,1.55782
GBP/USD,20150101 22:53:33.981,1.55749,1.55789
GBP/USD,20150101 22:53:34.023,1.55749,1.55789
GBP/USD,20150101 22:53:34.306,1.55751,1.55789
GBP/USD,20150101 22:53:35.062,1.55752,1.55789
GBP/USD,20150101 22:53:35.065,1.55752,1.55795
GBP/USD,20150101 22:53:35.072,1.55754,1.55795
GBP/USD,20150101 22:53:35.083,1.55753,1.55793
GBP/USD,20150101 22:53:35.123,1.5575,1.55795
GBP/USD,20150101 22:53:35.143,1.5575,1.55795
GBP/USD,20150101 22:53:35.155,1.55751,1.55794
GBP/USD,20150101 22:53:35.173,1.5575,1.55795
GBP/USD,20150101 22:53:35.184,1.55751,1.55795
GBP/USD,20150101 22:53:35.193,1.5575,1.55795
GBP/USD,20150101 22:53:35.215,1.55751,1.55795
GBP/USD,20150101 22:53:35.351,1.55756,1.55795
GBP/USD,20150101 22:53:35.383,1.55756,1.55786
GBP/USD,20150101 22:53:35.563,1.55754,1.55786
GBP/USD,20150101 22:53:35.574,1.55756,1.55786
GBP/USD,20150101 22:53:35.583,1.55752,1.55786
GBP/USD,20150101 22:53:35.605,1.55755,1.55786
GBP/USD,20150101 22:53:35.624,1.55753,1.55786
GBP/USD,20150101 22:53:35.636,1.55754,1.55786
GBP/USD,20150101 22:53:35.666,1.55752,1.55786
GBP/USD,20150101 22:53:35.677,1.55754,1.55786
GBP/USD,20150101 22:53:35.716,1.55752,1.55786
GBP/USD,20150101 22:53:35.818,1.55756,1.55786
GBP/USD,20150101 22:53:36.180,1.55756,1.55799
GBP/USD,20150101 22:53:36.534,1.55756,1.558
GBP/USD,20150101 22:53:36.544,1.5575,1.558
GBP/USD,20150101 22:53:36.680,1.55747,1.55793
GBP/USD,20150101 22:53:37.551,1.55758,1.55793
GBP/USD,20150101 22:53:37.890,1.55747,1.55793
GBP/USD,20150101 22:53:37.911,1.55749,1.55793
GBP/USD,20150101 22:53:37.914,1.5575,1.55801
GBP/USD,20150101 22:53:37.915,1.55754,1.55791
GBP/USD,20150101 22:53:37.932,1.55757,1.55791
GBP/USD,20150101 22:53:37.952,1.55755,1.55791
GBP/USD,20150101 22:53:37.962,1.55756,1.55791
GBP/USD,20150101 22:53:37.991,1.55754,1.55791
GBP/USD,20150101 22:53:38.002,1.55755,1.55791
GBP/USD,20150101 22:53:38.042,1.55754,1.55791
GBP/USD,20150101 22:53:38.052,1.55756,1.55791
GBP/USD,20150101 22:53:38.141,1.55759,1.55791
GBP/USD,20150101 22:53:38.282,1.55759,1.55799
GBP/USD,20150101 22:53:38.383,1.55757,1.55802
GBP/USD,20150101 22:53:38.396,1.55758,1.55797
GBP/USD,20150101 22:53:38.403,1.55754,1.55802
GBP/USD,20150101 22:53:38.424,1.55758,1.55797
GBP/USD,20150101 22:53:38.439,1.55755,1.55798
GBP/USD,20150101 22:53:38.457,1.55755,1.55794
GBP/USD,20150101 22:53:38.505,1.55754,1.558
GBP/USD,20150101 22:53:38.516,1.55755,1.55796
GBP/USD,20150101 22:53:38.557,1.55755,1.55802
GBP/USD,20150101 22:53:38.567,1.55757,1.55798
GBP/USD,20150101 22:53:39.647,1.55759,1.55801
GBP/USD,20150101 22:53:39.767,1.55757,1.55805
GBP/USD,20150101 22:53:39.776,1.55758,1.55797
GBP/USD,20150101 22:53:39.800,1.55757,1.55798
GBP/USD,20150101 22:53:39.817,1.55757,1.55802
GBP/USD,20150101 22:53:39.827,1.55757,1.55795
GBP/USD,20150101 22:53:39.857,1.55757,1.55802
GBP/USD,20150101 22:53:39.868,1.55757,1.55795
GBP/USD,20150101 22:53:39.908,1.55757,1.55802
GBP/USD,20150101 22:53:39.919,1.55757,1.55797
GBP/USD,20150101 22:53:39.951,1.55757,1.55797
GBP/USD,20150101 22:53:40.017,1.55752,1.55793
GBP/USD,20150101 22:53:40.020,1.55755,1.55805
GBP/USD,20150101 22:53:40.041,1.55759,1.55801
GBP/USD,20150101 22:53:40.727,1.55759,1.558
GBP/USD,20150101 22:53:40.736,1.55746,1.558
GBP/USD,20150101 22:53:40.747,1.55755,1.558
GBP/USD,20150101 22:53:40.759,1.55756,1.55798
GBP/USD,20150101 22:53:40.786,1.55755,1.55794
GBP/USD,20150101 22:53:40.787,1.55746,1.558
GBP/USD,20150101 22:53:40.790,1.55746,1.55806
GBP/USD,20150101 22:53:40.808,1.55749,1.55792
GBP/USD,20150101 22:53:41.226,1.55746,1.55795
GBP/USD,20150101 22:53:41.280,1.55751,1.5579
GBP/USD,20150101 22:53:41.302,1.55746,1.55794
GBP/USD,20150101 22:53:41.347,1.55746,1.5579
GBP/USD,20150101 22:53:41.728,1.55745,1.5579
GBP/USD,20150101 22:53:41.729,1.55743,1.55796
GBP/USD,20150101 22:53:41.740,1.55743,1.55786
GBP/USD,20150101 22:53:41.749,1.55738,1.55803
GBP/USD,20150101 22:53:41.769,1.55738,1.55784
GBP/USD,20150101 22:53:41.788,1.55738,1.55791
GBP/USD,20150101 22:53:41.798,1.55738,1.55786
GBP/USD,20150101 22:53:41.846,1.55738,1.55777
GBP/USD,20150101 22:53:41.897,1.55738,1.5578
GBP/USD,20150101 22:53:42.232,1.55737,1.5578
GBP/USD,20150101 22:53:42.232,1.55737,1.55784
GBP/USD,20150101 22:53:42.242,1.55739,1.5578
GBP/USD,20150101 22:53:42.243,1.55731,1.55784
GBP/USD,20150101 22:53:42.264,1.55739,1.5578
GBP/USD,20150101 22:53:42.285,1.55735,1.55783
GBP/USD,20150101 22:53:42.293,1.55731,1.55784
GBP/USD,20150101 22:53:42.305,1.55731,1.55789
GBP/USD,20150101 22:53:42.313,1.55731,1.55781
GBP/USD,20150101 22:53:42.729,1.55734,1.55785
GBP/USD,20150101 22:53:42.731,1.55731,1.55784
GBP/USD,20150101 22:53:42.735,1.55731,1.55786
GBP/USD,20150101 22:53:42.755,1.55731,1.55783
GBP/USD,20150101 22:53:42.761,1.5572,1.55783
GBP/USD,20150101 22:53:42.764,1.5572,1.55775
GBP/USD,20150101 22:53:42.782,1.55722,1.55769
GBP/USD,20150101 22:53:42.786,1.5572,1.55777
GBP/USD,20150101 22:53:42.807,1.5572,1.55773
GBP/USD,20150101 22:53:43.180,1.55718,1.55773
GBP/USD,20150101 22:53:44.112,1.55722,1.55773
GBP/USD,20150101 22:53:44.924,1.5573,1.55768
GBP/USD,20150101 22:53:44.927,1.55721,1.55779
